@article{Hocker:2007ht,
    author = "Hocker, Andreas and others",
    title = "{TMVA - Toolkit for Multivariate Data Analysis}",
    eprint = "physics/0703039",
    archivePrefix = "arXiv",
    reportNumber = "CERN-OPEN-2007-007",
    month = "3",
    year = "2007"
}


@article{Lumi,
      author         = "Acharya, Shreyasi and others",
      title          = "{luminosity measuremments in pp collisions at $\sqrt{s}$ = 13 TeV at the LHC}",
      collaboration  = "ALICE",
      journal        = "in preparation, {\bf to be updated when submitted to the journal}"
}

@article{Li:2021uhk,
    author = "Li, Y. B. and others",
    collaboration = "Belle",
    title = "{Measurements of the branching fractions of semileptonic decays $\Xi_{c}^{0} \to \Xi^{-} \ell^{+} \nu_{\ell}$ and asymmetry parameter of $\Xi_{c}^{0} \to \Xi^{-} \pi^{+}$ decay}",
    eprint = "2103.06496",
    archivePrefix = "arXiv",
    primaryClass = "hep-ex",
    reportNumber = "Belle Preprint 2021-03; KEK Preprint 2020-44",
    month = "3",
    year = "2021"
}

@article{Adam:2016ilk,
    author = "Adam, Jaroslav and others",
    collaboration = "ALICE",
    title = "{Determination of the event collision time with the ALICE detector at the LHC}",
    eprint = "1610.03055",
    archivePrefix = "arXiv",
    primaryClass = "physics.ins-det",
    reportNumber = "CERN-EP-2016-253",
    doi = "10.1140/epjp/i2017-11279-1",
    journal = "Eur. Phys. J. Plus",
    volume = "132",
    number = "2",
    pages = "99",
    year = "2017"
}

@article{nonpromptD,
   title="{Measurement of beauty and charm production in pp collisions at $\sqrt{s}$ = 5.02 TeV via non-prompt and prompt D mesons}",
   volume={2021},
   ISSN={1029-8479},
   url={http://dx.doi.org/10.1007/JHEP05(2021)220},
   DOI={10.1007/jhep05(2021)220},
   number={5},
   journal={JHEP},
   publisher={Springer Science and Business Media LLC},
   author={Acharya, S. and Adamov√°, D. and Adler, A. and Adolfsson, J. and Aglieri Rinella, G. and Agnello, M. and Agrawal, N. and Ahammed, Z. and Ahmad, S. and et al.},
   year={2021},
   month={May}
}


@article{Andronic:2009sv,
    author = "Andronic, A. and Beutler, F. and Braun-Munzinger, P. and Redlich, K. and Stachel, J.",
    title = "{Statistical hadronization of heavy flavor quarks in elementary collisions: Successes and failures}",
    eprint = "0904.1368",
    archivePrefix = "arXiv",
    primaryClass = "hep-ph",
    doi = "10.1016/j.physletb.2009.06.051",
    journal = "Phys. Lett. B",
    volume = "678",
    pages = "350--354",
    year = "2009"
}


@article{Retiere:2003kf,
    author = "Retiere, Fabrice and Lisa, Michael Annan",
    title = "{Observable implications of geometrical and dynamical aspects of freeze out in heavy ion collisions}",
    eprint = "nucl-th/0312024",
    archivePrefix = "arXiv",
    doi = "10.1103/PhysRevC.70.044907",
    journal = "Phys. Rev. C",
    volume = "70",
    pages = "044907",
    year = "2004"
}

@article{Sjostrand:2014zea,
    author = {Sj\"ostrand, Torbj\"orn and Ask, Stefan and Christiansen, Jesper R. and Corke, Richard and Desai, Nishita and Ilten, Philip and Mrenna, Stephen and Prestel, Stefan and Rasmussen, Christine O. and Skands, Peter Z.},
    title = "{An introduction to PYTHIA 8.2}",
    eprint = "1410.3012",
    archivePrefix = "arXiv",
    primaryClass = "hep-ph",
    reportNumber = "LU-TP-14-36, MCNET-14-22, CERN-PH-TH-2014-190, FERMILAB-PUB-14-316-CD, DESY-14-178, SLAC-PUB-16122",
    doi = "10.1016/j.cpc.2015.01.024",
    journal = "Comput. Phys. Commun.",
    volume = "191",
    pages = "159--177",
    year = "2015"
}

@article{Acharya:2020uqi,
    author = "Acharya, Shreyasi and others",
    collaboration = "ALICE",
    title = "{$\rm \Lambda_{c}^{+}$ production and baryon-to-meson ratios in pp and p-Pb collisions at $\sqrt{s_\mathrm{NN}} = 5.02$ TeV at the LHC}",
    eprint = "2011.06078",
    archivePrefix = "arXiv",
    primaryClass = "nucl-ex",
    reportNumber = "CERN-EP-2020-217",
    month = "11",
    year = "2020"
}


@Article{SigmacLambdac, 
collaboration  = "ALICE",
  title     = {{Measurement of prompt D$^{0}$, $\Lambda_{c}^{+}$, and $\Sigma_{c}^{0,++}$(2055) production in pp collisions at $\sqrt{s}~=~13$ TeV}},
  year      = {2021},
  url       = {https://cds.cern.ch/record/2766124}
}





@article{ALME2010316,
title = "{The ALICE TPC, a large 3-dimensional tracking device with fast readout for ultra-high multiplicity events}",
journal = "Nuclear Instruments and Methods in Physics Research Section A: Accelerators, Spectrometers, Detectors and Associated Equipment",
volume = "622",
number = "1",
pages = "316 - 367",
year = "2010",
issn = "0168-9002",
author = "J. Alme and others",
eprint         = "1001.1950",
archivePrefix  = "arXiv",
primaryClass   = "physics.ins-det",}


@article{Aamodt:2010aa,
      author         = "Aamodt, K and others",
      title          = "{Alignment of the ALICE Inner Tracking System with
                        cosmic-ray tracks}",
      collaboration  = "ALICE",
      journal        = "JINST",
      volume         = "5",
      year           = "2010",
      pages          = "P03003",
      doi            = "10.1088/1748-0221/5/03/P03003",
      eprint         = "1001.0502",
      archivePrefix  = "arXiv",
      primaryClass   = "physics.ins-det",
      SLACcitation   = "%%CITATION = ARXIV:1001.0502;%%"
}

@article{Dubla:2018czx,
      author         = "Dubla, A. and Masciocchi, S. and Pawlowski, J. M. and
                        Schenke, B. and Shen, C. and Stachel, J.",
      title          = "{Towards QCD-assisted hydrodynamics for heavy-ion
                        collision phenomenology}",
      journal        = "Nucl. Phys.",
      volume         = "A979",
      year           = "2018",
      pages          = "251-264",
      doi            = "10.1016/j.nuclphysa.2018.09.046",
      eprint         = "1805.02985",
      archivePrefix  = "arXiv",
      primaryClass   = "nucl-th",
      SLACcitation   = "%%CITATION = ARXIV:1805.02985;%%"
}

@article{Bazavov:2018mes,
      author         = "Bazavov, A. and others",
      title          = "{Chiral crossover in QCD at zero and non-zero chemical
                        potentials}",
      collaboration  = "HotQCD",
      journal        = "Phys. Lett.",
      volume         = "B795",
      year           = "2019",
      pages          = "15-21",
      doi            = "10.1016/j.physletb.2019.05.013",
      eprint         = "1812.08235",
      archivePrefix  = "arXiv",
      primaryClass   = "hep-lat",
      SLACcitation   = "%%CITATION = ARXIV:1812.08235;%%"
}

@article{Petreczky:2012gi,
      author         = "Petreczky, P.",
      title          = "{On trace anomaly in 2+1 flavor QCD}",
      booktitle      = "{Proceedings, 30th International Symposium on Lattice
                        Field Theory (Lattice 2012): Cairns, Australia, June
                        24-29, 2012}",
      collaboration  = "HotQCD",
      journal        = "PoS",
      volume         = "LATTICE2012",
      year           = "2012",
      pages          = "069",
      doi            = "10.22323/1.164.0069",
      eprint         = "1211.1678",
      archivePrefix  = "arXiv",
      primaryClass   = "hep-lat",
      SLACcitation   = "%%CITATION = ARXIV:1211.1678;%%"
}

@article{Bazavov:2014pvz,
      author         = "Bazavov, A. and others",
      title          = "{Equation of state in ( 2+1 )-flavor QCD}",
      collaboration  = "HotQCD",
      journal        = "Phys. Rev.",
      volume         = "D90",
      year           = "2014",
      pages          = "094503",
      doi            = "10.1103/PhysRevD.90.094503",
      eprint         = "1407.6387",
      archivePrefix  = "arXiv",
      primaryClass   = "hep-lat",
      reportNumber   = "BNL-105928-2014-JA",
      SLACcitation   = "%%CITATION = ARXIV:1407.6387;%%"
}

@article{Retinskaya:2012ky,
    author = "Retinskaya, Ekaterina and Luzum, Matthew and Ollitrault, Jean-Yves",
    archivePrefix = "arXiv",
    doi = "10.1103/PhysRevLett.108.252302",
    eprint = "1203.0931",
    journal = "Phys.\ Rev.\ Lett.",
    pages = "252302",
    primaryClass = "nucl-th",
    reportNumber = "SACLAY-T12-015",
    title = "{Directed flow at midrapidity in $\sqrt{s_{NN}}=2.76$ TeV Pb+Pb collisions}",
    volume = "108",
    year = "2012"
}

@article{Tuchin:2010gx,
      author         = "Tuchin, Kirill",
      title          = "{Photon decay in strong magnetic field in heavy-ion
                        collisions}",
      journal        = "Phys. Rev.",
      volume         = "C83",
      year           = "2011",
      pages          = "017901",
      doi            = "10.1103/PhysRevC.83.017901",
      eprint         = "1008.1604",
      archivePrefix  = "arXiv",
      primaryClass   = "nucl-th",
      reportNumber   = "RBRC-856",
      SLACcitation   = "%%CITATION = ARXIV:1008.1604;%%"
}

@article{Bazavov:2017dus,
      author         = "Bazavov, A. and others",
      title          = "{The QCD Equation of State to $\mathcal{O}(\mu_B^6)$ from
                        Lattice QCD}",
      journal        = "Phys. Rev.",
      volume         = "D95",
      year           = "2017",
      number         = "5",
      pages          = "054504",
      doi            = "10.1103/PhysRevD.95.054504",
      eprint         = "1701.04325",
      archivePrefix  = "arXiv",
      primaryClass   = "hep-lat",
      SLACcitation   = "%%CITATION = ARXIV:1701.04325;%%"
}


@article{Abelev:2008jga,
      author         = "Abelev, B. I. and others",
      title          = "{System-size independence of directed flow at the
                        Relativistic Heavy-Ion Collider}",
      collaboration  = "STAR",
      journal        = "Phys. Rev. Lett.",
      volume         = "101",
      year           = "2008",
      pages          = "252301",
      doi            = "10.1103/PhysRevLett.101.252301",
      eprint         = "0807.1518",
      archivePrefix  = "arXiv",
      primaryClass   = "nucl-ex",
      SLACcitation   = "%%CITATION = ARXIV:0807.1518;%%"
}

@article{Abelev:2013vea,
      author         = "Abelev, Betty and others",
      title          = "{Centrality dependence of $\pi$, K, p production in Pb-Pb
                        collisions at $\sqrt{s_{NN}}$ = 2.76 TeV}",
      collaboration  = "ALICE",
      journal        = "Phys. Rev.",
      volume         = "C88",
      year           = "2013",
      pages          = "044910",
      doi            = "10.1103/PhysRevC.88.044910",
      eprint         = "1303.0737",
      archivePrefix  = "arXiv",
      primaryClass   = "hep-ex",
      reportNumber   = "CERN-PH-EP-2013-019",
      SLACcitation   = "%%CITATION = ARXIV:1303.0737;%%"
}




@article{Adam:2019wnk,
      author         = "Adam, Jaroslav and others",
      title          = "{First observation of the directed flow of $D^{0}$ and
                        $\overline{D^0}$ in Au+Au collisions at $\sqrt{s_{\rm
                        NN}}$ = 200 GeV}",
      collaboration  = "STAR",
      journal        = "Phys. Rev. Lett.",
      volume         = "123",
      year           = "2019",
      pages          = "162301",
      doi            = "10.1103/PhysRevLett.123.162301",
      eprint         = "1905.02052",
      archivePrefix  = "arXiv",
      primaryClass   = "nucl-ex",
      SLACcitation   = "%%CITATION = ARXIV:1905.02052;%%"
}

@article{Acharya:2017qps,
      author         = "Acharya, Shreyasi and others",
      title          = "{$D$-meson azimuthal anisotropy in midcentral Pb-Pb
                        collisions at $\mathbf{\sqrt{s_{\rm NN}}=5.02}$ TeV}",
      collaboration  = "ALICE",
      journal        = "Phys. Rev. Lett.",
      volume         = "120",
      year           = "2018",
      number         = "10",
      pages          = "102301",
      doi            = "10.1103/PhysRevLett.120.102301",
      eprint         = "1707.01005",
      archivePrefix  = "arXiv",
      primaryClass   = "nucl-ex",
      reportNumber   = "CERN-EP-2017-153",
      SLACcitation   = "%%CITATION = ARXIV:1707.01005;%%"
}
@article{Skokov:2009qp,
      author         = "Skokov, V. and Illarionov, A. {\relax Yu}. and Toneev,
                        V.",
      title          = "{Estimate of the magnetic field strength in heavy-ion
                        collisions}",
      journal        = "Int. J. Mod. Phys.",
      volume         = "A24",
      year           = "2009",
      pages          = "5925-5932",
      doi            = "10.1142/S0217751X09047570",
      eprint         = "0907.1396",
      archivePrefix  = "arXiv",
      primaryClass   = "nucl-th",
      SLACcitation   = "%%CITATION = ARXIV:0907.1396;%%"
}
@article{Bozek:2010bi,
      author         = "Bozek, Piotr and Wyskiel, Iwona",
      title          = "{Directed flow in ultrarelativistic heavy-ion
                        collisions}",
      journal        = "Phys. Rev.",
      volume         = "C81",
      year           = "2010",
      pages          = "054902",
      doi            = "10.1103/PhysRevC.81.054902",
      eprint         = "1002.4999",
      archivePrefix  = "arXiv",
      primaryClass   = "nucl-th",
      SLACcitation   = "%%CITATION = ARXIV:1002.4999;%%"
}

@article{Frixione:2007nw,
    author = "Frixione, Stefano and Nason, Paolo and Ridolfi, Giovanni",
    title = "{A Positive-weight next-to-leading-order Monte Carlo for heavy flavour hadroproduction}",
    eprint = "0707.3088",
    archivePrefix = "arXiv",
    primaryClass = "hep-ph",
    reportNumber = "BICOCCA-FT-07-12, GEF-TH-19-2007",
    doi = "10.1088/1126-6708/2007/09/126",
    journal = "JHEP",
    volume = "09",
    pages = "126",
    year = "2007"
}

@article{Csernai:2011gg,
      author         = "Csernai, L. P. and Magas, V. K. and Stocker, H. and
                        Strottman, D. D.",
      title          = "{Fluid Dynamical Prediction of Changed v1-flow at LHC}",
      journal        = "Phys. Rev.",
      volume         = "C84",
      year           = "2011",
      pages          = "024914",
      doi            = "10.1103/PhysRevC.84.024914",
      eprint         = "1101.3451",
      archivePrefix  = "arXiv",
      primaryClass   = "nucl-th",
      SLACcitation   = "%%CITATION = ARXIV:1101.3451;%%"
}

@article{Snellings:1999bt,
      author         = "Snellings, R. J. M. and Sorge, H. and Voloshin, S. A. and
                        Wang, F. Q. and Xu, N.",
      title          = "{Novel rapidity dependence of directed flow in
                        high-energy heavy ion collisions}",
      journal        = "Phys. Rev. Lett.",
      volume         = "84",
      year           = "2000",
      pages          = "2803-2805",
      doi            = "10.1103/PhysRevLett.84.2803",
      eprint         = "nucl-ex/9908001",
      archivePrefix  = "arXiv",
      primaryClass   = "nucl-ex",
      SLACcitation   = "%%CITATION = NUCL-EX/9908001;%%"
}


@article{Rybicki:2013qla,
      author         = "Rybicki, Andrzej and Szczurek, Antoni",
      title          = "{Spectator induced electromagnetic effect on directed
                        flow in heavy ion collisions}",
      journal        = "Phys. Rev.",
      volume         = "C87",
      year           = "2013",
      number         = "5",
      pages          = "054909",
      doi            = "10.1103/PhysRevC.87.054909",
      eprint         = "1303.7354",
      archivePrefix  = "arXiv",
      primaryClass   = "nucl-th",
      SLACcitation   = "%%CITATION = ARXIV:1303.7354;%%"
}


@article{ALICE:2011aa,
      author         = "Abelev, B. and others",
      title          = "{Measurement of charm production at central rapidity in
                        proton-proton collisions at $\sqrt{s} = 7$ TeV}",
      collaboration  = "ALICE",
      journal        = "JHEP",
      volume         = "01",
      year           = "2012",
      pages          = "128",
      doi            = "10.1007/JHEP01(2012)128",
      eprint         = "1111.1553",
      archivePrefix  = "arXiv",
      primaryClass   = "hep-ex",
      reportNumber   = "CERN-PH-EP-2011-181",
      SLACcitation   = "%%CITATION = ARXIV:1111.1553;%%"
}

@article{Adil:2005bb,
      author         = "Adil, A. and Gyulassy, M. and Hirano, T.",
      title          = "{3D jet tomography of the twisted color glass
                        condensate}",
      journal        = "Phys. Rev.",
      volume         = "D73",
      year           = "2006",
      pages          = "074006",
      doi            = "10.1103/PhysRevD.73.074006",
      eprint         = "nucl-th/0509064",
      archivePrefix  = "arXiv",
      primaryClass   = "nucl-th",
      SLACcitation   = "%%CITATION = NUCL-TH/0509064;%%"
}

@article{Adil:2005qn,
      author         = "Adil, A. and Gyulassy, M.",
      title          = "{3D jet tomography of twisted strongly coupled quark
                        gluon plasmas}",
      journal        = "Phys. Rev.",
      volume         = "C72",
      year           = "2005",
      pages          = "034907",
      doi            = "10.1103/PhysRevC.72.034907",
      eprint         = "nucl-th/0505004",
      archivePrefix  = "arXiv",
      primaryClass   = "nucl-th",
      SLACcitation   = "%%CITATION = NUCL-TH/0505004;%%"
}




@article{Adamczyk:2016eux,
      author         = "Adamczyk, L. and others",
      title          = "{Charge-dependent directed flow in Cu+Au collisions at
                        $\sqrt{s_{_{NN}}}$ = 200 GeV}",
      collaboration  = "STAR",
      journal        = "Phys. Rev. Lett.",
      volume         = "118",
      year           = "2017",
      number         = "1",
      pages          = "012301",
      doi            = "10.1103/PhysRevLett.118.012301",
      eprint         = "1608.04100",
      archivePrefix  = "arXiv",
      primaryClass   = "nucl-ex",
      SLACcitation   = "%%CITATION = ARXIV:1608.04100;%%"
}

@article{Adamczyk:2014ipa,
      author         = "Adamczyk, L. and others",
      title          = "{Beam-Energy Dependence of the Directed Flow of Protons,
                        Antiprotons, and Pions in Au+Au Collisions}",
      collaboration  = "STAR",
      journal        = "Phys. Rev. Lett.",
      volume         = "112",
      year           = "2014",
      number         = "16",
      pages          = "162301",
      doi            = "10.1103/PhysRevLett.112.162301(2014),
                        10.1103/PhysRevLett.112.162301",
      eprint         = "1401.3043",
      archivePrefix  = "arXiv",
      primaryClass   = "nucl-ex",
      SLACcitation   = "%%CITATION = ARXIV:1401.3043;%%"
}

@article{Adamczyk:2011aa,
      author         = "Adamczyk, L. and others",
      title          = "{Directed Flow of Identified Particles in Au + Au
                        Collisions at $\sqrt{s{_NN}} = 200$ GeV at RHIC}",
      collaboration  = "STAR",
      journal        = "Phys. Rev. Lett.",
      volume         = "108",
      year           = "2012",
      pages          = "202301",
      doi            = "10.1103/PhysRevLett.108.202301",
      eprint         = "1112.3930",
      archivePrefix  = "arXiv",
      primaryClass   = "nucl-ex",
      SLACcitation   = "%%CITATION = ARXIV:1112.3930;%%"
}
@article{pQCD2,
      author         = "Borsanyi, Szabolcs and Fodor, Zoltan and Hoelbling,
                        Christian and Katz, Sandor D and Krieg, Stefan and Ratti,
                        Claudia and Szabo, Kalman K.",
      title          = "{Is there still any T$_{\rm c}$ mystery in lattice {QCD}? Results
                        with physical masses in the continuum limit III}",
      collaboration  = "Wuppertal-Budapest",
      journal        = "JHEP",
      volume         = "09",
      year           = "2010",
      pages          = "073",
      doi            = "10.1007/JHEP09(2010)073",
      eprint         = "1005.3508",
      archivePrefix  = "arXiv",
      primaryClass   = "hep-lat",
      reportNumber   = "WUB-10-11, MIT-CTP-4152",
      SLACcitation   = "%%CITATION = ARXIV:1005.3508;%%"
}
@article{pQCD3,
      author         = "Borsanyi, Szabolcs and Endrodi, Gergely and Fodor, Zoltan
                        and Jakovac, Antal and Katz, Sandor D. and Krieg, Stefan
                        and Ratti, Claudia and Szabo, Kalman K.",
      title          = "{The {QCD} equation of state with dynamical quarks}",
        collaboration="Wuppertal-Budapest",
      journal        = "JHEP",
      volume         = "11",
      year           = "2010",
      pages          = "077",
      doi            = "10.1007/JHEP11(2010)077",
      eprint         = "1007.2580",
      archivePrefix  = "arXiv",
      primaryClass   = "hep-lat",
      reportNumber   = "WUB-10-12",
      SLACcitation   = "%%CITATION = ARXIV:1007.2580;%%"
}

@article{ALICE-PUBLIC-2019-001,
      author         = "Acharya, S. and others",
      title         = "{ALICE upgrade physics performance studies for 2018 Report
                       on HL/HE-LHC physics}",
      collaboration = "ALICE",
      month         = "Feb",
      year          = "2019",
      journal  = "ALICE-PUBLIC-2019-001",
      url           = "https://cds.cern.ch/record/2661798",
}

@article{Abelev:2013cva,
      author         = "Abelev, Betty and others",
      title          = "{Directed Flow of Charged Particles at Midrapidity
                        Relative to the Spectator Plane in Pb-Pb Collisions at
                        $\sqrt{s_{NN}}$=2.76 TeV}",
      collaboration  = "ALICE",
      journal        = "Phys. Rev. Lett.",
      volume         = "111",
      year           = "2013",
      number         = "23",
      pages          = "232302",
      doi            = "10.1103/PhysRevLett.111.232302",
      eprint         = "1306.4145",
      archivePrefix  = "arXiv",
      primaryClass   = "nucl-ex",
      reportNumber   = "CERN-PH-EP-2013-100",
      SLACcitation   = "%%CITATION = ARXIV:1306.4145;%%"
}

@article{Gursoy:2018yai,
      author         = "Gursoy, Umut and Kharzeev, Dmitri and Marcus, Eric and
                        Rajagopal, Krishna and Shen, Chun",
      title          = "{Charge-dependent Flow Induced by Magnetic and Electric
                        Fields in Heavy Ion Collisions}",
      journal        = "Phys. Rev.",
      volume         = "C98",
      year           = "2018",
      number         = "5",
      pages          = "055201",
      doi            = "10.1103/PhysRevC.98.055201",
      eprint         = "1806.05288",
      archivePrefix  = "arXiv",
      primaryClass   = "hep-ph",
      SLACcitation   = "%%CITATION = ARXIV:1806.05288;%%"
}


@article{Cao:2013ita,
      author         = "Cao, Shanshan and Qin, Guang-You and Bass, Steffen A.",
      title          = "{Heavy-quark dynamics and hadronization in
                        ultrarelativistic heavy-ion collisions: Collisional versus
                        radiative energy loss}",
      journal        = "Phys. Rev.",
      volume         = "C88",
      year           = "2013",
      pages          = "044907",
      doi            = "10.1103/PhysRevC.88.044907",
      eprint         = "1308.0617",
      archivePrefix  = "arXiv",
      primaryClass   = "nucl-th",
      SLACcitation   = "%%CITATION = ARXIV:1308.0617;%%"
}

@article{Acharya:2017hyu,
      author         = "Acharya, Shreyasi and others",
      title          = "{Production of ${\pi ^0}$ and $\eta $ mesons up to high
                        transverse momentum in pp collisions at 2.76 TeV}",
      collaboration  = "ALICE",
      journal        = "Eur. Phys. J.",
      volume         = "C77",
      year           = "2017",
      number         = "5",
      pages          = "339",
      doi            = "10.1140/epjc/s10052-017-5144-7,
                        10.1140/epjc/s10052-017-4890-x",
      note           = "[Eur. Phys. J.C77,no.9,586(2017)]",
      eprint         = "1702.00917",
      archivePrefix  = "arXiv",
      primaryClass   = "hep-ex",
      reportNumber   = "CERN-EP-2017-019",
      SLACcitation   = "%%CITATION = ARXIV:1702.00917;%%"
}


@article{Acharya:2018yhg,
      author         = "Acharya, Shreyasi and others",
      title          = "{Neutral pion and $\eta$ meson production at mid-rapidity
                        in Pb-Pb collisions at $\sqrt{s_{\rm NN}}$ = 2.76 TeV}",
      collaboration  = "ALICE",
      year           = "2018",
      eprint         = "1803.05490",
      archivePrefix  = "arXiv",
      primaryClass   = "nucl-ex",
      SLACcitation   = "%%CITATION = ARXIV:1803.05490;%%"
}


@article{Alver:2008aq,
      author         = "Alver, B. and Baker, M. and Loizides, C. and Steinberg,
                        P.",
      title          = "{The PHOBOS Glauber Monte Carlo}",
      year           = "2008",
      eprint         = "0805.4411",
      archivePrefix  = "arXiv",
      primaryClass   = "nucl-ex",
      SLACcitation   = "%%CITATION = ARXIV:0805.4411;%%"
}

@article{Loizides:2014vua,
      author         = "Loizides, C. and Nagle, J. and Steinberg, P.",
      title          = "{Improved version of the PHOBOS Glauber Monte Carlo}",
      journal        = "SoftwareX",
      volume         = "1-2",
      year           = "2015",
      pages          = "13-18",
      doi            = "10.1016/j.softx.2015.05.001",
      eprint         = "1408.2549",
      archivePrefix  = "arXiv",
      primaryClass   = "nucl-ex",
      SLACcitation   = "%%CITATION = ARXIV:1408.2549;%%"
}

@article{Nadolsky:2008zw,
      author         = "Nadolsky, Pavel M. and Lai, Hung-Liang and Cao, Qing-Hong
                        and Huston, Joey and Pumplin, Jon and Stump, Daniel and
                        Tung, Wu-Ki and Yuan, C. -P.",
      title          = "{Implications of CTEQ global analysis for collider
                        observables}",
      journal        = "Phys. Rev.",
      volume         = "D78",
      year           = "2008",
      pages          = "013004",
      doi            = "10.1103/PhysRevD.78.013004",
      eprint         = "0802.0007",
      archivePrefix  = "arXiv",
      primaryClass   = "hep-ph",
      reportNumber   = "MSUHEP-080125, UCRHEP-T447",
      SLACcitation   = "%%CITATION = ARXIV:0802.0007;%%"
}

@article{ARSENE20051,
      author         = "Arsene, I. and others",
      title          = "{Quark gluon plasma and color glass condensate at RHIC?
                        The Perspective from the BRAHMS experiment}",
      collaboration  = "BRAHMS",
      journal        = "Nucl. Phys.",
      volume         = "A757",
      year           = "2005",
      pages          = "1-27",
      doi            = "10.1016/j.nuclphysa.2005.02.130",
      eprint         = "nucl-ex/0410020",
      archivePrefix  = "arXiv",
      primaryClass   = "nucl-ex",
      SLACcitation   = "%%CITATION = NUCL-EX/0410020;%%"
}



@article{ADCOX2005184,
      author         = "Adcox, K. and others",
      title          = "{Formation of dense partonic matter in relativistic
                        nucleus-nucleus collisions at RHIC: Experimental
                        evaluation by the PHENIX collaboration}",
      collaboration  = "PHENIX",
      journal        = "Nucl. Phys.",
      volume         = "A757",
      year           = "2005",
      pages          = "184-283",
      doi            = "10.1016/j.nuclphysa.2005.03.086",
      eprint         = "nucl-ex/0410003",
      archivePrefix  = "arXiv",
      primaryClass   = "nucl-ex",
      SLACcitation   = "%%CITATION = NUCL-EX/0410003;%%"
}



@article{BACK200528,
      author         = "Back, B. B. and others",
      title          = "{The PHOBOS perspective on discoveries at RHIC}",
      journal        = "Nucl. Phys.",
      volume         = "A757",
      year           = "2005",
      pages          = "28-101",
      doi            = "10.1016/j.nuclphysa.2005.03.084",
      eprint         = "nucl-ex/0410022",
      archivePrefix  = "arXiv",
      primaryClass   = "nucl-ex",
      SLACcitation   = "%%CITATION = NUCL-EX/0410022;%%"
}




@article{ADAMS2005102,
      author         = "Adams, John and others",
      title          = "{Experimental and theoretical challenges in the search
                        for the quark gluon plasma: The STAR Collaboration's
                        critical assessment of the evidence from RHIC collisions}",
      collaboration  = "STAR",
      journal        = "Nucl. Phys.",
      volume         = "A757",
      year           = "2005",
      pages          = "102-183",
      doi            = "10.1016/j.nuclphysa.2005.03.085",
      eprint         = "nucl-ex/0501009",
      archivePrefix  = "arXiv",
      primaryClass   = "nucl-ex",
      SLACcitation   = "%%CITATION = NUCL-EX/0501009;%%"
}


@article{Aamodt:2010jd,
      author         = "Aamodt, K. and others",
      title          = "{Suppression of Charged Particle Production at Large
                        Transverse Momentum in Central Pb-Pb Collisions at
                        $\sqrt{s_{\rm NN}} =$ 2.76 TeV}",
      collaboration  = "ALICE",
      journal        = "Phys. Lett.",
      volume         = "B696",
      year           = "2011",
      pages          = "30-39",
      doi            = "10.1016/j.physletb.2010.12.020",
      eprint         = "1012.1004",
      archivePrefix  = "arXiv",
      primaryClass   = "nucl-ex",
      reportNumber   = "CERN-PH-EP-ALICE-2010-004, CERN-PH-EP-2010-066",
      SLACcitation   = "%%CITATION = ARXIV:1012.1004;%%"
}
@article{Sirunyan:2017oug,
      author         = "Sirunyan, Albert M and others",
      title          = "{Measurement of the ${\rm B}^{\pm}$ Meson Nuclear
                        Modification Factor in Pb-Pb Collisions at
                        $\sqrt{{s}_{\rm NN}}=5.02\mathrm{ TeV}$}",
      collaboration  = "CMS",
      journal        = "Phys. Rev. Lett.",
      volume         = "119",
      year           = "2017",
      number         = "15",
      pages          = "152301",
      doi            = "10.1103/PhysRevLett.119.152301",
      eprint         = "1705.04727",
      archivePrefix  = "arXiv",
      primaryClass   = "hep-ex",
      reportNumber   = "CMS-HIN-16-011, CERN-EP-2017-076",
      SLACcitation   = "%%CITATION = ARXIV:1705.04727;%%"
}

@article{Sirunyan:2017xss,
    author = "Sirunyan, Albert M and others",
    collaboration = "CMS",
    title = "{Nuclear modification factor of D$^0$ mesons in Pb--Pb collisions at  $\sqrt{s_\mathrm{NN}} = 5.02$ TeV}",
    eprint = "1708.04962",
    archivePrefix = "arXiv",
    primaryClass = "nucl-ex",
    reportNumber = "CMS-HIN-16-001, CERN-EP-2017-186",
    doi = "10.1016/j.physletb.2018.05.074",
    journal = "Phys. Lett. B",
    volume = "782",
    pages = "474--496",
    year = "2018"
}

@article{Chatrchyan:2011vh,
    author = "Chatrchyan, Serguei and others",
    collaboration = "CMS",
    title = "{Measurement of the Strange B Meson Production Cross Section with J/$\psi$ $\phi$ Decays in pp collisions at $\sqrt{s}=7$ TeV}",
    eprint = "1106.4048",
    archivePrefix = "arXiv",
    primaryClass = "hep-ex",
    reportNumber = "CERN-PH-EP-2011-063, CMS-BPH-10-013",
    doi = "10.1103/PhysRevD.84.052008",
    journal = "Phys. Rev. D",
    volume = "84",
    pages = "052008",
    year = "2011"
}

@article{Chatrchyan:2011pw,
    author = "Chatrchyan, Serguei and others",
    collaboration = "CMS",
    title = "{Measurement of the ${\rm B^0}$ production cross section in pp collisions at $\sqrt{s}=7$ TeV}",
    eprint = "1104.2892",
    archivePrefix = "arXiv",
    primaryClass = "hep-ex",
    reportNumber = "CERN-PH-EP-2011-034, CMS-BPH-10-005",
    doi = "10.1103/PhysRevLett.106.252001",
    journal = "Phys. Rev. Lett.",
    volume = "106",
    pages = "252001",
    year = "2011"
}

@article{Khachatryan:2011mk,
    author = "Khachatryan, Vardan and others",
    collaboration = "CMS",
    title = "{Measurement of the ${\rm B^+}$ Production Cross Section in pp collisions at $\sqrt{s} = 7$ TeV}",
    eprint = "1101.0131",
    archivePrefix = "arXiv",
    primaryClass = "hep-ex",
    reportNumber = "CERN-PH-EP-2010-087, CMS-BPH-10-004",
    doi = "10.1103/PhysRevLett.106.112001",
    journal = "Phys. Rev. Lett.",
    volume = "106",
    pages = "112001",
    year = "2011"
}

@article{Khachatryan:2015uja,
      author         = "Khachatryan, Vardan and others",
      title          = "{Study of B Meson Production in p$+$Pb Collisions at
                        $\sqrt{s_{\rm NN}}=5.02$ TeV Using Exclusive Hadronic
                        Decays}",
      collaboration  = "CMS",
      journal        = "Phys. Rev. Lett.",
      volume         = "116",
      year           = "2016",
      number         = "3",
      pages          = "032301",
      doi            = "10.1103/PhysRevLett.116.032301",
      eprint         = "1508.06678",
      archivePrefix  = "arXiv",
      primaryClass   = "nucl-ex",
      reportNumber   = "CMS-HIN-14-004, CERN-PH-EP-2015-209",
      SLACcitation   = "%%CITATION = ARXIV:1508.06678;%%"
}

@article{Niemi:2015qia,
      author         = "Niemi, H. and Eskola, K. J. and Paatelainen, R.",
      title          = "{Event-by-event fluctuations in a perturbative QCD +
                        saturation + hydrodynamics model: Determining QCD matter
                        shear viscosity in ultrarelativistic heavy-ion
                        collisions}",
      journal        = "Phys. Rev.",
      volume         = "C93",
      year           = "2016",
      number         = "2",
      pages          = "024907",
      doi            = "10.1103/PhysRevC.93.024907",
      eprint         = "1505.02677",
      archivePrefix  = "arXiv",
      primaryClass   = "hep-ph",
      SLACcitation   = "%%CITATION = ARXIV:1505.02677;%%"
}

@article{Bernhard:2016tnd,
      author         = "Bernhard, Jonah E. and Moreland, J. Scott and Bass,
                        Steffen A. and Liu, Jia and Heinz, Ulrich",
      title          = "{Applying Bayesian parameter estimation to relativistic
                        heavy-ion collisions: simultaneous characterization of the
                        initial state and quark-gluon plasma medium}",
      journal        = "Phys. Rev.",
      volume         = "C94",
      year           = "2016",
      number         = "2",
      pages          = "024907",
      doi            = "10.1103/PhysRevC.94.024907",
      eprint         = "1605.03954",
      archivePrefix  = "arXiv",
      primaryClass   = "nucl-th",
      SLACcitation   = "%%CITATION = ARXIV:1605.03954;%%"
}

@article{Chatrchyan:2012ta,
      author         = "Chatrchyan, Serguei and others",
      title          = "{Measurement of the elliptic anisotropy of charged
                        particles produced in Pb--Pb collisions at
                        $\sqrt{s}_{NN}$=2.76 TeV}",
      collaboration  = "CMS",
      journal        = "Phys. Rev.",
      volume         = "C87",
      year           = "2013",
      number         = "1",
      pages          = "014902",
      doi            = "10.1103/PhysRevC.87.014902",
      eprint         = "1204.1409",
      archivePrefix  = "arXiv",
      primaryClass   = "nucl-ex",
      reportNumber   = "CMS-HIN-10-002, CERN-PH-EP-2012-095",
      SLACcitation   = "%%CITATION = ARXIV:1204.1409;%%"
}

@article{Gale:2013da,
      author         = "Gale, Charles and Jeon, Sangyong and Schenke, Bjoern",
      title          = "{Hydrodynamic Modeling of Heavy-Ion Collisions}",
      journal        = "Int. J. Mod. Phys.",
      volume         = "A28",
      year           = "2013",
      pages          = "1340011",
      doi            = "10.1142/S0217751X13400113",
      eprint         = "1301.5893",
      archivePrefix  = "arXiv",
      primaryClass   = "nucl-th",
      SLACcitation   = "%%CITATION = ARXIV:1301.5893;%%"
}

@article{ATLAS:2012at,
      author         = "Aad, Georges and others",
      title          = "{Measurement of the azimuthal anisotropy for charged
                        particle production in $\sqrt{s_{NN}}=2.76$ TeV lead-lead
                        collisions with the ATLAS detector}",
      collaboration  = "ATLAS",
      journal        = "Phys. Rev.",
      volume         = "C86",
      year           = "2012",
      pages          = "014907",
      doi            = "10.1103/PhysRevC.86.014907",
      eprint         = "1203.3087",
      archivePrefix  = "arXiv",
      primaryClass   = "hep-ex",
      reportNumber   = "CERN-PH-EP-2012-035",
      SLACcitation   = "%%CITATION = ARXIV:1203.3087;%%"
}

@article{Heinz:2013th,
      author         = "Heinz, Ulrich and Snellings, Raimond",
      title          = "{Collective flow and viscosity in relativistic heavy-ion
                        collisions}",
      journal        = "Ann. Rev. Nucl. Part. Sci.",
      volume         = "63",
      year           = "2013",
      pages          = "123-151",
      doi            = "10.1146/annurev-nucl-102212-170540",
      eprint         = "1301.2826",
      archivePrefix  = "arXiv",
      primaryClass   = "nucl-th",
      SLACcitation   = "%%CITATION = ARXIV:1301.2826;%%"
}

@article{ALICE:2011ab,
      author         = "Aamodt, K. and others",
      title          = "{Higher harmonic anisotropic flow measurements of charged
                        particles in Pb-Pb collisions at $\sqrt{s_{NN}}$=2.76
                        TeV}",
      collaboration  = "ALICE",
      journal        = "Phys. Rev. Lett.",
      volume         = "107",
      year           = "2011",
      pages          = "032301",
      doi            = "10.1103/PhysRevLett.107.032301",
      eprint         = "1105.3865",
      archivePrefix  = "arXiv",
      primaryClass   = "nucl-ex",
      reportNumber   = "CERN-PH-EP-2011-073",
      SLACcitation   = "%%CITATION = ARXIV:1105.3865;%%"
}

@article{Aamodt:2010pa,
      author         = "Aamodt, K and others",
      title          = "{Elliptic flow of charged particles in Pb-Pb collisions
                        at 2.76 TeV}",
      collaboration  = "ALICE",
      journal        = "Phys. Rev. Lett.",
      volume         = "105",
      year           = "2010",
      pages          = "252302",
      doi            = "10.1103/PhysRevLett.105.252302",
      eprint         = "1011.3914",
      archivePrefix  = "arXiv",
      primaryClass   = "nucl-ex",
      reportNumber   = "CERN-PH-EP-2010-059",
      SLACcitation   = "%%CITATION = ARXIV:1011.3914;%%"
}


@article{PhysRevLett.91.241804,
  title = {Measurement of Prompt Charm Meson Production Cross Sections in $p\overline{p}$ Collisions at $\sqrt{s}=1.96\text{ }\text{ }\mathrm{T}\mathrm{e}\mathrm{V}$},
  collaboration = {CDF II Collaboration},
  journal = {Phys. Rev. Lett.},
  volume = {91},
  issue = {24},
  pages = {241804},
  numpages = {7},
  year = {2003},
  month = {Dec},
  publisher = {American Physical Society},
  doi = {10.1103/PhysRevLett.91.241804},
  url = {https://link.aps.org/doi/10.1103/PhysRevLett.91.241804}
}

@article{Beraudo:2015wsd,
      author         = "Beraudo, Andrea and De Pace, Arturo and Monteno, Marco
                        and Nardi, Marzia and Prino, Francesco",
      title          = "{Heavy-flavour production in high-energy d-Au and p-Pb
                        collisions}",
      journal        = "JHEP",
      volume         = "03",
      year           = "2016",
      pages          = "123",
      doi            = "10.1007/JHEP03(2016)123",
      eprint         = "1512.05186",
      archivePrefix  = "arXiv",
      primaryClass   = "hep-ph",
      SLACcitation   = "%%CITATION = ARXIV:1512.05186;%%"
}


@article{Adam:2016khe,
      author         = "Adam, Jaroslav and others",
      title          = "{Measurement of the production of high-$p_{\rm T}$
                        electrons from heavy-flavour hadron decays in Pb--Pb
                        collisions at $\mathbf{\sqrt{\it s_{\rm{NN}}}}$ = 2.76
                        TeV}",
      collaboration  = "ALICE",
      journal        = "Phys. Lett.",
      volume         = "B771",
      year           = "2017",
      pages          = "467-481",
      doi            = "10.1016/j.physletb.2017.05.060",
      eprint         = "1609.07104",
      archivePrefix  = "arXiv",
      primaryClass   = "nucl-ex",
      reportNumber   = "CERN-EP-2016-235",
      SLACcitation   = "%%CITATION = ARXIV:1609.07104;%%"
}

@article{Abelev:2014hha,
      author         = "Abelev, Bezverkhny and others",
      title          = "{Measurement of prompt D-meson production in $p-Pb$
                        collisions at $\sqrt{s_{\rm NN}}$ = 5.02 TeV}",
      collaboration  = "ALICE",
      journal        = "Phys. Rev. Lett.",
      volume         = "113",
      year           = "2014",
      number         = "23",
      pages          = "232301",
      doi            = "10.1103/PhysRevLett.113.232301",
      eprint         = "1405.3452",
      archivePrefix  = "arXiv",
      primaryClass   = "nucl-ex",
      reportNumber   = "CERN-PH-EP-2014-090, CERN-PH-EP-2014-90,
                        ALICE-PUBLIC-2015-001",
      SLACcitation   = "%%CITATION = ARXIV:1405.3452;%%"
}


@article{Abelev:2012hxa,
      author         = "Abelev, Betty and others",
      title          = "{Centrality Dependence of Charged Particle Production at
                        Large Transverse Momentum in Pb--Pb Collisions at
                        $\sqrt{s_{\rm{NN}}} = 2.76$ TeV}",
      collaboration  = "ALICE",
      journal        = "Phys. Lett.",
      volume         = "B720",
      year           = "2013",
      pages          = "52-62",
      doi            = "10.1016/j.physletb.2013.01.051",
      eprint         = "1208.2711",
      archivePrefix  = "arXiv",
      primaryClass   = "hep-ex",
      reportNumber   = "CERN-PH-EP-2012-233",
      SLACcitation   = "%%CITATION = ARXIV:1208.2711;%%"
}


@article{Wang:1998ww,
      author         = "Wang, Xin-Nian",
      title          = "{Systematic study of high $p_{T}$ hadron spectra in $p
                        p$, $p$ A and A A collisions from SPS to RHIC energies}",
      journal        = "Phys. Rev.",
      volume         = "C61",
      year           = "2000",
      pages          = "064910",
      doi            = "10.1103/PhysRevC.61.064910",
      eprint         = "nucl-th/9812021",
      archivePrefix  = "arXiv",
      primaryClass   = "nucl-th",
      reportNumber   = "LBNL-42545, LBL-42545",
      SLACcitation   = "%%CITATION = NUCL-TH/9812021;%%"
}


@article{Vogt:2001nh,
      author         = "Vogt, R.",
      title          = "{The A dependence of open charm and bottom production}",
      collaboration  = "Hard Probe",
      journal        = "Int. J. Mod. Phys.",
      volume         = "E12",
      year           = "2003",
      pages          = "211-270",
      doi            = "10.1142/S0218301303001272",
      eprint         = "hep-ph/0111271",
      archivePrefix  = "arXiv",
      primaryClass   = "hep-ph",
      reportNumber   = "LBNL-45350",
      SLACcitation   = "%%CITATION = HEP-PH/0111271;%%"
}


@article{Eskola:2009uj,
      author         = "Eskola, K. J. and Paukkunen, H. and Salgado, C. A.",
      title          = "{EPS09: A New Generation of NLO and LO Nuclear Parton
                        Distribution Functions}",
      journal        = "JHEP",
      volume         = "04",
      year           = "2009",
      pages          = "065",
      doi            = "10.1088/1126-6708/2009/04/065",
      eprint         = "0902.4154",
      archivePrefix  = "arXiv",
      primaryClass   = "hep-ph",
      SLACcitation   = "%%CITATION = ARXIV:0902.4154;%%"
}

@article{Averbeck:2013oga,
	Archiveprefix = {arXiv},
	Author = {Averbeck, R.},
	Doi = {10.1016/j.ppnp.2013.01.001},
	Eprint = {1505.03828},
	Journal = {Prog. Part. Nucl. Phys.},
	Pages = {159-209},
	Primaryclass = {nucl-ex},
	Slaccitation = {%%CITATION = ARXIV:1505.03828;%%},
	Title = {{Heavy-flavor production in heavy-ion collisions and implications for the properties of hot QCD matter}},
	Volume = {70},
	Year = {2013},
	Bdsk-Url-1 = {http://dx.doi.org/10.1016/j.ppnp.2013.01.001}}

@article{Abelev:2012sea,
      author         = "Abelev, Betty and others",
      title          = "{Measurement of inelastic, single- and double-diffraction
                        cross sections in proton--proton collisions at the LHC
                        with ALICE}",
      collaboration  = "ALICE",
      journal        = "Eur. Phys. J.",
      volume         = "C73",
      year           = "2013",
      number         = "6",
      pages          = "2456",
      doi            = "10.1140/epjc/s10052-013-2456-0",
      eprint         = "1208.4968",
      archivePrefix  = "arXiv",
      primaryClass   = "hep-ex",
      reportNumber   = "CERN-PH-EP-2012-138 [SIC!], CERN-PH-EP-2012-238,
                        CERN-PH-EP-2012-138",
      SLACcitation   = "%%CITATION = ARXIV:1208.4968;%%"
}


@article{Skands:2010ak,
      author         = "Skands, Peter Zeiler",
      title          = "{Tuning Monte Carlo Generators: The Perugia Tunes}",
      journal        = "Phys. Rev.",
      volume         = "D82",
      year           = "2010",
      pages          = "074018",
      doi            = "10.1103/PhysRevD.82.074018",
      eprint         = "1005.3457",
      archivePrefix  = "arXiv",
      primaryClass   = "hep-ph",
      reportNumber   = "MCNET-10-08, CERN-PH-TH-2010-113",
      SLACcitation   = "%%CITATION = ARXIV:1005.3457;%%"
}


@article{Adam:2016ssk,
      author         = "Adam, Jaroslav and others",
      title          = "{Elliptic flow of electrons from heavy-flavour hadron
                        decays at mid-rapidity in Pb-Pb collisions at $\sqrt{{\mathrm{s}}_{\mathrm{NN}}}=2.76$ TeV}",
      collaboration  = "ALICE",
      journal        = "JHEP",
      volume         = "09",
      year           = "2016",
      pages          = "028",
      doi            = "10.1007/JHEP09(2016)028",
      eprint         = "1606.00321",
      archivePrefix  = "arXiv",
      primaryClass   = "nucl-ex",
      reportNumber   = "CERN-EP-2016-136",
      SLACcitation   = "%%CITATION = ARXIV:1606.00321;%%"
}


@article{Adam:2016wyz,
      author         = "Adam, Jaroslav and others",
      title          = "{Measurement of electrons from beauty-hadron decays in
                        p--Pb collisions at $ \sqrt{s_{\mathrm{NN}}}=5.02 $ TeV and
                        Pb--Pb collisions at $ \sqrt{s_{\mathrm{NN}}}=2.76 $ TeV}",
      collaboration  = "ALICE",
      journal        = "JHEP",
      volume         = "07",
      year           = "2017",
      pages          = "052",
      doi            = "10.1007/JHEP07(2017)052",
      eprint         = "1609.03898",
      archivePrefix  = "arXiv",
      primaryClass   = "nucl-ex",
      reportNumber   = "CERN-EP-2016-222",
      SLACcitation   = "%%CITATION = ARXIV:1609.03898;%%"
}

@article{Bilandzic:2010jr,
      author         = "Bilandzic, Ante and Snellings, Raimond and Voloshin,
                        Sergei",
      title          = "{Flow analysis with cumulants: Direct calculations}",
      journal        = "Phys. Rev.",
      volume         = "C83",
      year           = "2011",
      pages          = "044913",
      doi            = "10.1103/PhysRevC.83.044913",
      eprint         = "1010.0233",
      archivePrefix  = "arXiv",
      primaryClass   = "nucl-ex",
      SLACcitation   = "%%CITATION = ARXIV:1010.0233;%%"
}




@article{D'Agostini:2000ra,
      author         = "D'Agostini, G. and Raso, M.",
      title          = "{Uncertainties due to imperfect knowledge of systematic
                        effects: General considerations and approximate formulae}",
      year           = "2000",
      eprint         = "hep-ex/0002056",
      archivePrefix  = "arXiv",
      primaryClass   = "hep-ex",
      reportNumber   = "CERN-EP-2000-026",
      SLACcitation   = "%%CITATION = HEP-EX/0002056;%%"
}

@article{2004physics...3086D,
   author = {{D'Agostini}, G.},
    title = "{Asymmetric Uncertainties: Sources, Treatment and Potential Dangers}",
  journal = {ArXiv Physics e-prints},
   eprint = {physics/0403086},
 keywords = {Physics - Data Analysis, Statistics and Probability, Astrophysics, High Energy Physics - Phenomenology},
     year = 2004,
    month = mar,
   adsurl = {http://adsabs.harvard.edu/abs/2004physics...3086D},
  adsnote = {Provided by the SAO/NASA Astrophysics Data System}
}



@article{2015EPJC...75..121B,
   author = {{Beraudo}, A. and {De Pace}, A. and {Monteno}, M. and {Nardi}, M. and 
	{Prino}, F.},
    title = "{Heavy flavors in heavy-ion collisions: quenching, flow and correlations}",
  journal = {European Physical Journal C},
archivePrefix = "arXiv",
   eprint = {1410.6082},
 primaryClass = "hep-ph",
     year = 2015,
    month = mar,
   volume = 75,
      eid = {121},
    pages = {121},
      doi = {10.1140/epjc/s10052-015-3336-6},
   adsurl = {http://adsabs.harvard.edu/abs/2015EPJC...75..121B},
  adsnote = {Provided by the SAO/NASA Astrophysics Data System}
}


@article{2016PhRvC..93c4904A,
   author = {{Adare}, A. and others},
    title = "{Single electron yields from semileptonic charm and bottom hadron decays in Au +Au collisions at $\sqrt{s_{\rm NN}}$ = 200 GeV}",
  journal = {Phys. Rev.},
        volume         = "C93",
archivePrefix = "arXiv",
   eprint = {1509.04662},
 primaryClass = "nucl-ex",
     year = 2016,
    month = mar,
   number = 3,
      eid = {034904},
    pages = {034904},
      doi = {10.1103/PhysRevC.93.034904},
   adsurl = {http://adsabs.harvard.edu/abs/2016PhRvC..93c4904A},
  adsnote = {Provided by the SAO/NASA Astrophysics Data System}
}

@article{2006EPJC...48..597B,
   author = {{Biyajima}, M. and {Mizoguchi}, T. and {Nakajima}, N. and {Suzuki}, N. and 
	{Wilk}, G.},
    title = "{Modified Hagedorn formula including temperature fluctuation: Estimation of temperatures at RHIC experiments}",
  journal = {European Physical Journal C},
   eprint = {hep-ph/0602120},
     year = 2006,
    month = nov,
   volume = 48,
    pages = {597-603},
      doi = {10.1140/epjc/s10052-006-0026-4},
   adsurl = {http://adsabs.harvard.edu/abs/2006EPJC...48..597B},
  adsnote = {Provided by the SAO/NASA Astrophysics Data System}
}


@article{Abelev:2014hla,
      author         = "Abelev, Bezverkhny and others",
      title          = "{Beauty production in pp collisions at $\sqrt{s}$ = 2.76
                        TeV measured via semi-electronic decays}",
      collaboration  = "ALICE",
      journal        = "Phys. Lett.",
      volume         = "B738",
      year           = "2014",
      pages          = "97-108",
      doi            = "10.1016/j.physletb.2014.09.026",
      eprint         = "1405.4144",
      archivePrefix  = "arXiv",
      primaryClass   = "nucl-ex",
      reportNumber   = "CERN-PH-EP-2014-089",
      SLACcitation   = "%%CITATION = ARXIV:1405.4144;%%"
}


@article{Abelev:2012sca,
      author         = "Abelev, Betty and others",
      title          = "{Measurement of electrons from beauty hadron decays in
                        pp collisions at $\sqrt{s}=7$ TeV}",
      collaboration  = "ALICE",
      journal        = "Phys. Lett.",
      volume         = "B721",
      year           = "2013",
      pages          = "13-23",
      doi            = "10.1016/j.physletb.2013.01.069",
      eprint         = "1208.1902",
      archivePrefix  = "arXiv",
      primaryClass   = "hep-ex",
      SLACcitation   = "%%CITATION = ARXIV:1208.1902;%%"
}




@article{bib::intro_thermalization,
      author         = "Liu, Fu-Ming and Liu, Sheng-Xu",
      title          = "{Quark-gluon plasma formation time and direct photons
                        from heavy ion collisions}",
      journal        = "Phys. Rev.",
      volume         = "C89",
      year           = "2014",
      number         = "3",
      pages          = "034906",
      doi            = "10.1103/PhysRevC.89.034906",
      eprint         = "1212.6587",
      archivePrefix  = "arXiv",
      primaryClass   = "nucl-th",
      SLACcitation   = "%%CITATION = ARXIV:1212.6587;%%"
}



@article{Batsouli:2002qf,
      author         = "Batsouli, S. and Kelly, S. and Gyulassy, M. and Nagle, J.
                        L.",
      title          = "{Does the charm flow at RHIC?}",
      journal        = "Phys. Lett.",
      volume         = "B557",
      year           = "2003",
      pages          = "26-32",
      doi            = "10.1016/S0370-2693(03)00175-8",
      eprint         = "nucl-th/0212068",
      archivePrefix  = "arXiv",
      primaryClass   = "nucl-th",
      SLACcitation   = "%%CITATION = NUCL-TH/0212068;%%"
}

@article{Adam:2015sza,
      author         = "Adam, Jaroslav and others",
      title          = "{Transverse momentum dependence of D-meson production in
                        Pb-Pb collisions at $ \sqrt{{\mathrm{s}}_{\mathrm{NN}}}=$
                        2.76  TeV}",
      collaboration  = "ALICE",
      journal        = "JHEP",
      volume         = "03",
      year           = "2016",
      pages          = "081",
      doi            = "10.1007/JHEP03(2016)081",
      eprint         = "1509.06888",
      archivePrefix  = "arXiv",
      primaryClass   = "nucl-ex",
      reportNumber   = "CERN-PH-EP-2015-252",
      SLACcitation   = "%%CITATION = ARXIV:1509.06888;%%"
}



@article{Djordjevic:2014,
      author         = "Djordjevic, Magdalena and Djordjevic, Marko",
      title          = "{LHC jet suppression of light and heavy flavor
                        observables}",
      journal        = "Phys. Lett.",
      volume         = "B734",
      year           = "2014",
      pages          = "286-289",
      doi            = "10.1016/j.physletb.2014.05.053",
      eprint         = "1307.4098",
      archivePrefix  = "arXiv",
      primaryClass   = "hep-ph",
      SLACcitation   = "%%CITATION = ARXIV:1307.4098;%%"
}


@article{ALICE:Jpsi,
      author         = "Abbas, Ehab and others",
      title          = "{\rm{J}/$\psi$ Elliptic Flow in Pb-Pb Collisions at $\sqrt{s_{\rm
                        NN}}$ = 2.76 TeV}",
      collaboration  = "ALICE",
      journal        = "Phys. Rev. Lett.",
      volume         = "111",
      year           = "2013",
      pages          = "162301",
      doi            = "10.1103/PhysRevLett.111.162301",
      eprint         = "1303.5880",
      archivePrefix  = "arXiv",
      primaryClass   = "nucl-ex",
      reportNumber   = "CERN-PH-EP-2013-042",
      SLACcitation   = "%%CITATION = ARXIV:1303.5880;%%"
}


@article{Model:Jpsi2,
title = "{Elliptic flow in relativistic heavy ion collisions }",
journal = "Nuclear Physics A ",
volume = "834",
number = "1-4",
pages = "317c - 319c",
year = "2010",
note = "The 10th International Conference on Nucleus-Nucleus Collisions (NN2009) ",
issn = "0375-9474",
doi = "http://dx.doi.org/10.1016/j.nuclphysa.2010.01.008",
url = "http://www.sciencedirect.com/science/article/pii/S0375947410000096",
author = "Yunpeng Liu and Nu Xu and Pengfei Zhuang"
}


@article{Model:Jpsi1,
title = "{In-Medium Quarkonia at SPS, RHIC and LHC}",
journal = "Nuclear Physics A ",
volume = "904√¢¬Ä¬ì905",
number = "",
pages = "611c - 614c",
year = "2013",
note = "The Quark Matter 2012Proceedings of the \{XXIII\} International Conference on Ultrarelativistic Nucleus√¢¬Ä¬íNucleus Collisions ",
issn = "0375-9474",
doi = "http://dx.doi.org/10.1016/j.nuclphysa.2013.02.088",
url = "http://www.sciencedirect.com/science/article/pii/S0375947413002042",
author = "X. Zhao and A. Emerick and R. Rapp",
}


@article{KrollWada:formula,
  title = {Internal Pair Production Associated with the Emission of High-Energy Gamma Rays},
  author = {Kroll, Norman M. and Wada, Walter},
  journal = {Phys. Rev.},
  volume = {98},
  issue = {5},
  pages = {1355--1359},
  numpages = {0},
  year = {1955},
  month = {Jun},
  publisher = {American Physical Society},
  doi = {10.1103/PhysRev.98.1355},
  url = {http://link.aps.org/doi/10.1103/PhysRev.98.1355}
}





@article{Berger:1992,
title = "Particle identification in modular electromagnetic calorimeters",
journal = "Nuclear Instruments and Methods in Physics Research Section A: Accelerators, Spectrometers, Detectors and Associated Equipment",
volume = "321",
number = "1",
pages = "152 - 164",
year = "1992",
note = "",
issn = "0168-9002",
doi = "http://dx.doi.org/10.1016/0168-9002(92)90383-F",
url = "http://www.sciencedirect.com/science/article/pii/016890029290383F",
author = "F. Berger and others",
}


@article{Noferini:2012ps,
      author         = "Noferini, Francesco",
      title          = "{Anisotropic flow of identified particles in Pb-Pb
                        collisions at $\sqrt{s_\mathrm{NN}}$ = 2.76 TeV measured with
                        ALICE at the LHC}",
      booktitle      = "{Proceedings, 23rd International Conference on
                        Ultrarelativistic Nucleus-Nucleus Collisions : Quark
                        Matter 2012 (QM 2012)}",
      collaboration  = "ALICE",
      journal        = "Nucl. Phys.",
      volume         = "A904-905",
      year           = "2013",
      pages          = "483c-486c",
      doi            = "10.1016/j.nuclphysa.2013.02.058",
      eprint         = "1212.1292",
      archivePrefix  = "arXiv",
      primaryClass   = "nucl-ex",
      SLACcitation   = "%%CITATION = ARXIV:1212.1292;%%"
}

@article{Hijing:ref,
      author         = "Gyulassy, Miklos and Wang, Xin-Nian",
      title          = "{HIJING 1.0: A Monte Carlo program for parton and
                        particle production in high-energy hadronic and nuclear
                        collisions}",
      journal        = "Comput. Phys. Commun.",
      volume         = "83",
      year           = "1994",
      pages          = "307",
      doi            = "10.1016/0010-4655(94)90057-4",
      eprint         = "nucl-th/9502021",
      archivePrefix  = "arXiv",
      primaryClass   = "nucl-th",
      reportNumber   = "LBL-34246",
      SLACcitation   = "%%CITATION = NUCL-TH/9502021;%%"
}




@article{krollwada,
title = "{Di-electron measurements in pp, p--Pb and Pb--Pb collisions with ALICE at the LHC }",
journal = "Nuclear Physics A ",
volume = "931",
number = "",
pages = "665 - 669",
year = "2014",
issn = "0375-9474",
doi = "http://dx.doi.org/10.1016/j.nuclphysa.2014.09.032",
url = "http://www.sciencedirect.com/science/article/pii/S0375947414004011",
author = "Markus K. Kohler",
collaboration  = "ALICE",
keywords = "Heavy-ion collisions",
keywords = "Electromagnetic probes",
keywords = "ALICE "
}


@article{Brun:1978fy,
      author         = "Brun, R. and Hagelberg, R. and Hansroul, M. and Lassalle,
                        J. C.",
      title          = "{Geant: Simulation Program for Particle Physics
                        Experiments. User Guide and Reference Manual}",
      year           = "1978",
      reportNumber   = "CERN-DD-78-2-REV, CERN-DD-78-2",
      SLACcitation   = "%%CITATION = CERN-DD-78-2-REV;%%"
}

@article{Abelev:2007qg,
      author         = "Abelev, B. I. and others",
      title          = "{Mass, quark-number, and $\sqrt{s_\mathrm{NN}}$ dependence of
                        the second and fourth flow harmonics in ultra-relativistic
                        nucleus-nucleus collisions}",
      collaboration  = "STAR",
      journal        = "Phys. Rev.",
      volume         = "C75",
      year           = "2007",
      pages          = "054906",
      doi            = "10.1103/PhysRevC.75.054906",
      eprint         = "nucl-ex/0701010",
      archivePrefix  = "arXiv",
      primaryClass   = "nucl-ex",
      SLACcitation   = "%%CITATION = NUCL-EX/0701010;%%"
}
@article{Adare:2006ti,
      author         = "Adare, A. and others",
      title          = "{Scaling properties of azimuthal anisotropy in Au+Au and
                        Cu+Cu collisions at $\sqrt{s_\mathrm{NN}}$ = 200-GeV}",
      collaboration  = "PHENIX",
      journal        = "Phys. Rev. Lett.",
      volume         = "98",
      year           = "2007",
      pages          = "162301",
      doi            = "10.1103/PhysRevLett.98.162301",
      eprint         = "nucl-ex/0608033",
      archivePrefix  = "arXiv",
      primaryClass   = "nucl-ex",
      SLACcitation   = "%%CITATION = NUCL-EX/0608033;%%"
}
@article{Adare:2012vq,
      author         = "Adare, A. and others",
      title          = "{Deviation from quark-number scaling of the anisotropy
                        parameter $v_{\rm 2}$ of pions, kaons, and protons in Au+Au
                        collisions at $\sqrt{s_\mathrm{NN}}$= 200 GeV}",
      collaboration  = "PHENIX",
      journal        = "Phys. Rev.",
      volume         = "C85",
      year           = "2012",
      pages          = "064914",
      doi            = "10.1103/PhysRevC.85.064914",
      eprint         = "1203.2644",
      archivePrefix  = "arXiv",
      primaryClass   = "nucl-ex",
      SLACcitation   = "%%CITATION = ARXIV:1203.2644;%%"
}


@article{Albrecht:1995ug,
      author         = "Albrecht, R. and others",
      title          = "{Production of Eta-mesons in 200-A/GeV S + S and S + Au
                        reactions}",
      collaboration  = "WA80",
      journal        = "Phys. Lett.",
      volume         = "B361",
      year           = "1995",
      pages          = "14-20",
      doi            = "10.1016/0370-2693(95)01166-N",
      eprint         = "hep-ex/9507009",
      archivePrefix  = "arXiv",
      primaryClass   = "hep-ex",
      SLACcitation   = "%%CITATION = HEP-EX/9507009;%%"
}

@article{Arnaldi:409740,
     author="Arnaldi, R and others",
     title="{Performance of a forward hadron calorimeter for the ALICE experiment}", 
     collaboration  = "ALICE",
     journal={Nuclear Science Symposium, 1998. Conference Record. 1998 IEEE},
     year={1998},
     volume={1},
     pages={8-11 vol.1},
     doi={10.1109/NSSMIC.1998.774787},
     ISSN={1082-3654},
     url = "http://cds.cern.ch/record/409740",
}

@article{Tanabashi:2018oca,
    author = "Tanabashi, M. and others",
    collaboration = "Particle Data Group",
    title = "{Review of Particle Physics}",
    doi = "10.1103/PhysRevD.98.030001",
    journal = "Phys. Rev. D",
    volume = "98",
    number = "3",
    pages = "030001",
    year = "2018"
}

@article{Acharya:2017kfy,
    author = "Acharya, Shreyasi and others",
    collaboration = "ALICE",
    title = "{$\Lambda_{\rm c}^+$ production in pp collisions at $\sqrt{s} = 7$ TeV and in p-Pb collisions at $\sqrt{s_{\rm NN}} = 5.02$ TeV}",
    eprint = "1712.09581",
    archivePrefix = "arXiv",
    primaryClass = "nucl-ex",
    reportNumber = "CERN-EP-2017-339",
    doi = "10.1007/JHEP04(2018)108",
    journal = "JHEP",
    volume = "04",
    pages = "108",
    year = "2018"
}



@article{Abramowicz:2013eja,
    author = "Abramowicz, H. and others",
    collaboration = "ZEUS",
    title = "{Measurement of charm fragmentation fractions in photoproduction at HERA}",
    eprint = "1306.4862",
    archivePrefix = "arXiv",
    primaryClass = "hep-ex",
    reportNumber = "DESY-13-106",
    doi = "10.1007/JHEP09(2013)058",
    journal = "JHEP",
    volume = "09",
    pages = "058",
    year = "2013"
}

@article{Chekanov:2005mm,
    author = "Chekanov, S. and others",
    collaboration = "ZEUS",
    title = "{Measurement of charm fragmentation ratios and fractions in photoproduction at HERA}",
    eprint = "hep-ex/0508019",
    archivePrefix = "arXiv",
    reportNumber = "DESY-05-147",
    doi = "10.1140/epjc/s2005-02397-3",
    journal = "Eur. Phys. J. C",
    volume = "44",
    pages = "351--366",
    year = "2005"
}




@article{Gladilin:2014tba,
    author = "Gladilin, Leonid",
    title = "{Fragmentation fractions of c and b quarks into charmed hadrons at LEP}",
    eprint = "1404.3888",
    archivePrefix = "arXiv",
    primaryClass = "hep-ex",
    doi = "10.1140/epjc/s10052-014-3250-3",
    journal = "Eur. Phys. J. C",
    volume = "75",
    number = "1",
    pages = "19",
    year = "2015"
}

@article{Avery:1990bc,
    author = "Avery, P. and others",
    collaboration = "CLEO",
    title = "{Inclusive production of the charmed baryon $\Lambda_{\rm c}$ from ${\rm e^+e^-}$ annihilations at $\sqrt{s}$ = 10.55 GeV}",
    reportNumber = "CLNS-90-992, CLEO-90-5",
    doi = "10.1103/PhysRevD.43.3599",
    journal = "Phys. Rev. D",
    volume = "43",
    pages = "3599--3610",
    year = "1991"
}

@article{Albrecht:1988an,
    author = "Albrecht, H. and others",
    collaboration = "ARGUS",
    title = "{Observation of the Charmed Baryon $\Lambda_c$ in $e^+ e^-$ Annihilation at 10-{GeV}}",
    reportNumber = "DESY-88-011",
    doi = "10.1016/0370-2693(88)90896-9",
    journal = "Phys. Lett. B",
    volume = "207",
    pages = "109--114",
    year = "1988"
}

@article{Sjostrand:2007gs,
    author = "Sj{\o}strand, Torbjorn and Mrenna, Stephen and Skands, Peter Z.",
    title = "{A Brief Introduction to PYTHIA 8.1}",
    eprint = "0710.3820",
    archivePrefix = "arXiv",
    primaryClass = "hep-ph",
    reportNumber = "CERN-LCGAPP-2007-04, LU-TP-07-28, FERMILAB-PUB-07-512-CD-T",
    doi = "10.1016/j.cpc.2008.01.036",
    journal = "Comput. Phys. Commun.",
    volume = "178",
    pages = "852--867",
    year = "2008"
}

@article{Aaij:2019ezy,
    author = "Aaij, Roel and others",
    collaboration = "LHCb",
    title = "{Measurement of the mass and production rate of $\Xi_{\rm b}^-$ baryons}",
    eprint = "1901.07075",
    archivePrefix = "arXiv",
    primaryClass = "hep-ex",
    reportNumber = "LHCb-PAPER-2018-047, CERN-EP-2018-348",
    doi = "10.1103/PhysRevD.99.052006",
    journal = "Phys. Rev. D",
    volume = "99",
    number = "5",
    pages = "052006",
    year = "2019"
}


@article{Adam:2018inb,
    author = "Adam, Jaroslav and others",
    collaboration = "STAR",
    title = "{Centrality and transverse momentum dependence of $\rm D^0$-meson production at mid-rapidity in Au+Au collisions at ${\sqrt{s_{\rm NN}} = \rm{200\,GeV}}$}",
    eprint = "1812.10224",
    archivePrefix = "arXiv",
    primaryClass = "nucl-ex",
    doi = "10.1103/PhysRevC.99.034908",
    journal = "Phys. Rev. C",
    volume = "99",
    number = "3",
    pages = "034908",
    year = "2019"
}


@article{Acharya:2017lwf,
    author = "Acharya, S. and others",
    collaboration = "ALICE",
    title = "{First measurement of $\Xi_{\rm c}^0$ production in pp collisions at $\mathbf{\sqrt{s}}$ = 7 TeV}",
    eprint = "1712.04242",
    archivePrefix = "arXiv",
    primaryClass = "hep-ex",
    reportNumber = "CERN-EP-2017-332",
    doi = "10.1016/j.physletb.2018.03.061",
    journal = "Phys. Lett. B",
    volume = "781",
    pages = "8--19",
    year = "2018"
}

@article{Sirunyan:2019fnc,
    author = "Sirunyan, Albert M and others",
    collaboration = "CMS",
    title = "{Production of $\Lambda_\mathrm{c}^+$ baryons in proton-proton and lead-lead collisions at $\sqrt{s_\mathrm{NN}}=$ 5.02 TeV}",
    eprint = "1906.03322",
    archivePrefix = "arXiv",
    primaryClass = "hep-ex",
    reportNumber = "CMS-HIN-18-009, CERN-EP-2019-102",
    doi = "10.1016/j.physletb.2020.135328",
    journal = "Phys. Lett. B",
    volume = "803",
    pages = "135328",
    year = "2020"
}


@article{Voloshin:1994mz,
      author         = "Voloshin, S. and Zhang, Y.",
      title          = "{Flow study in relativistic nuclear collisions by Fourier
                        expansion of Azimuthal particle distributions}",
      journal        = "Z.Phys.",
      volume         = "C70",
      pages          = "665-672",
      doi            = "10.1007/s002880050141",
      year           = "1996",
      eprint         = "hep-ph/9407282",
      archivePrefix  = "arXiv",
      primaryClass   = "hep-ph",
      SLACcitation   = "%%CITATION = HEP-PH/9407282;%%",
}

@article{Baier:1996kr,
      author         = "Baier, R. and Dokshitzer, Yuri L. and Mueller, Alfred H.
                        and Peigne, S. and Schiff, D.",
      title          = "{Radiative energy loss of high-energy quarks and gluons
                        in a finite volume quark - gluon plasma}",
      journal        = "Nucl.Phys.",
      volume         = "B483",
      pages          = "291-320",
      doi            = "10.1016/S0550-3213(96)00553-6",
      year           = "1997",
      eprint         = "hep-ph/9607355",
      archivePrefix  = "arXiv",
      primaryClass   = "hep-ph",
      reportNumber   = "BI-TP-96-21, CUTP-759, LPTHE-ORSAY-96-34",
      SLACcitation   = "%%CITATION = HEP-PH/9607355;%%",
}

@article{Dokshitzer:2001zm,
      author         = "Dokshitzer, Yuri L. and Kharzeev, D.E.",
      title          = "{Heavy quark colorimetry of {QCD} matter}",
      journal        = "Phys.Lett.",
      volume         = "B519",
      pages          = "199-206",
      doi            = "10.1016/S0370-2693(01)01130-3",
      year           = "2001",
      eprint         = "hep-ph/0106202",
      archivePrefix  = "arXiv",
      primaryClass   = "hep-ph",
      reportNumber   = "LPT-ORSAY-01-58, BNL-NT-01-9",
      SLACcitation   = "%%CITATION = HEP-PH/0106202;%%",
}

@article{Djordjevic:2006tw,
      author         = "Djordjevic, Magdalena",
      title          = "{Collisional energy loss in a finite size {QCD} matter}",
      journal        = "Phys.Rev.",
      volume         = "C74",
      pages          = "064907",
      doi            = "10.1103/PhysRevC.74.064907",
      year           = "2006",
      eprint         = "nucl-th/0603066",
      archivePrefix  = "arXiv",
      primaryClass   = "nucl-th",
      SLACcitation   = "%%CITATION = NUCL-TH/0603066;%%",
}


@article{Abelev:2013lca,
      author         = "Abelev, B. and others",
      title          = "{{D} meson elliptic flow in non-central {{Pb--Pb}} collisions at
                        energy $\sqrt{s_\mathrm{NN}}$ = 2.76{TeV}}",
      collaboration  = "ALICE",
      journal        = "Phys. Rev. Lett.",
      volume         = "111",
      pages          = "102301",
      doi            = "10.1103/PhysRevLett.111.102301",
      year           = "2013",
      eprint         = "1305.2707",
      archivePrefix  = "arXiv",
      primaryClass   = "nucl-ex",
      reportNumber   = "CERN-PH-EP-2013-085",
      SLACcitation   = "%%CITATION = ARXIV:1305.2707;%%",
}

@article{Abelev:2014ipa,
      author         = "Abelev, Bezverkhny and others",
      title          = "{Azimuthal anisotropy of {D} meson production in {{Pb--Pb}}
                        collisions at energy $\sqrt{s_\mathrm{NN}}$ = 2.76 {{TeV}}}",
      collaboration  = "ALICE",
      journal        = "Phys.Rev.",
      number         = "3",
      volume         = "C90",
      pages          = "034904",
      doi            = "10.1103/PhysRevC.90.034904",
      year           = "2014",
      eprint         = "1405.2001",
      archivePrefix  = "arXiv",
      primaryClass   = "nucl-ex",
      reportNumber   = "CERN-PH-EP-2014-083",
      SLACcitation   = "%%CITATION = ARXIV:1405.2001;%%",
}

@article{Adamczyk:2014yew,
   author         = "Adamczyk, L. and others",
      title          = "{Elliptic flow of electrons from heavy-flavor hadron
                        decays in Au + Au collisions at $\sqrt{s_{\rm NN}} = $
                        200, 62.4, and 39 GeV}",
      collaboration  = "STAR",
      journal        = "Phys. Rev.",
      volume         = "C95",
      year           = "2017",
      number         = "3",
      pages          = "034907",
      doi            = "10.1103/PhysRevC.95.034907",
      eprint         = "1405.6348",
      archivePrefix  = "arXiv",
      primaryClass   = "hep-ex",
      SLACcitation   = "%%CITATION = ARXIV:1405.6348;%%"
}

@article{Uphoff:2012gb,
      author         = "Uphoff, Jan and Fochler, Oliver and Xu, Zhe and Greiner,
                        Carsten",
      title          = "{Open Heavy Flavor in {{Pb--Pb}} Collisions at $\sqrt$ =2.76
                        {{TeV}} within a {Transport Model}}",
      journal        = "Phys.Lett.",
      volume         = "B717",
      pages          = "430-435",
      doi            = "10.1016/j.physletb.2012.09.069",
      year           = "2012",
      eprint         = "1205.4945",
      archivePrefix  = "arXiv",
      primaryClass   = "hep-ph",
      SLACcitation   = "%%CITATION = ARXIV:1205.4945;%%",
}
@article{Uphoff:2013soa,
      author         = "Uphoff, Jan and Fochler, Oliver and Xu, Zhe and Greiner,
                        Carsten",
      title          = "{Heavy vs. light flavor energy loss within a partonic
                        transport model}",
      journal        = "J.Phys.Conf.Ser.",
      volume         = "509",
      pages          = "012077",
      doi            = "10.1088/1742-6596/509/1/012077",
      year           = "2014",
      eprint         = "1310.3597",
      archivePrefix  = "arXiv",
      primaryClass   = "hep-ph",
      SLACcitation   = "%%CITATION = ARXIV:1310.3597;%%",
}
@article{He:2014cla,
      author         = "He, Min and Fries, Rainer J. and Rapp, Ralf",
      title          = "{Heavy Flavor at the Large Hadron Collider in a Strong
                        Coupling Approach}",
      journal        = "Phys.Lett.",
      volume         = "B735",
      pages          = "445-450",
      doi            = "10.1016/j.physletb.2014.05.050",
      year           = "2014",
      eprint         = "1401.3817",
      archivePrefix  = "arXiv",
      primaryClass   = "nucl-th",
      SLACcitation   = "%%CITATION = ARXIV:1401.3817;%%",
}
@article{Nahrgang:2013xaa,
      author         = "Nahrgang, Marlene and Aichelin, Joerg and Gossiaux, Pol
                        Bernard and Werner, Klaus",
      title          = "{Influence of hadronic bound states above $T_{\rm c}$ on
                        heavy-quark observables in {{Pb--Pb}} collisions at at the
                        CERN Large Hadron Collider}",
      journal        = "Phys.Rev.",
      number         = "1",
      volume         = "C89",
      pages          = "014905",
      doi            = "10.1103/PhysRevC.89.014905",
      year           = "2014",
      eprint         = "1305.6544",
      archivePrefix  = "arXiv",
      primaryClass   = "hep-ph",
      SLACcitation   = "%%CITATION = ARXIV:1305.6544;%%",
}
@article{Baier:2000mf,
      author         = "Baier, R. and Schiff, D. and Zakharov, B.G.",
      title          = "{Energy loss in perturbative {QCD}}",
      journal        = "Ann.Rev.Nucl.Part.Sci.",
      volume         = "50",
      pages          = "37-69",
      doi            = "10.1146/annurev.nucl.50.1.37",
      year           = "2000",
      eprint         = "hep-ph/0002198",
      archivePrefix  = "arXiv",
      primaryClass   = "hep-ph",
      reportNumber   = "BI-TP-2000-08, LPT-ORSAY-00-22",
      SLACcitation   = "%%CITATION = HEP-PH/0002198;%%",
}
@article{Werner:2012xh,
      author         = "Werner, K. and Karpenko, Iu. and Bleicher, M. and Pierog,
                        T. and Porteboeuf-Houssais, S.",
      title          = "{Jets, Bulk Matter, and their Interaction in Heavy Ion
                        Collisions at Several {{TeV}}}",
      journal        = "Phys.Rev.",
      volume         = "C85",
      pages          = "064907",
      doi            = "10.1103/PhysRevC.85.064907",
      year           = "2012",
      eprint         = "1203.5704",
      archivePrefix  = "arXiv",
      primaryClass   = "nucl-th",
      SLACcitation   = "%%CITATION = ARXIV:1203.5704;%%",
}

@article{Alberico:2013bza,
      author         = "Alberico, W.M. and Beraudo, A. and De Pace, A. and
                        Molinari, A. and Monteno, M. and others",
      title          = "{Heavy flavors in $AA$ collisions: production, transport
                        and final spectra}",
      journal        = "Eur.Phys.J.",
      volume         = "C73",
      pages          = "2481",
      doi            = "10.1140/epjc/s10052-013-2481-z",
      year           = "2013",
      eprint         = "1305.7421",
      archivePrefix  = "arXiv",
      primaryClass   = "hep-ph",
      SLACcitation   = "%%CITATION = ARXIV:1305.7421;%%",
}


@article{pQCD1,
      author         = "Karsch, Frithjof",
      title          = "{Lattice simulations of the thermodynamics of strongly
                        interacting elementary particles and the exploration of
                        new phases of matter in relativistic heavy ion
                        collisions}",
      booktitle      = "{SciDAC 2006: Scientific Discovery through Advanced
                        Computing Denver, Colorado, June 25-30, 2006}",
      journal        = "J. Phys. Conf. Ser.",
      volume         = "46",
      year           = "2006",
      pages          = "122-131",
      doi            = "10.1088/1742-6596/46/1/017",
      eprint         = "hep-lat/0608003",
      archivePrefix  = "arXiv",
      primaryClass   = "hep-lat",
      reportNumber   = "BNL-NT-06-26",
      SLACcitation   = "%%CITATION = HEP-LAT/0608003;%%"
}

@article{pQCD4,
      author         = "Bazavov, A. and others",
      title          = "{The chiral and deconfinement aspects of the {QCD}
                        transition}",
      journal        = "Phys. Rev.",
      volume         = "D85",
      year           = "2012",
      pages          = "054503",
      doi            = "10.1103/PhysRevD.85.054503",
      eprint         = "1111.1710",
      archivePrefix  = "arXiv",
      primaryClass   = "hep-lat",
      SLACcitation   = "%%CITATION = ARXIV:1111.1710;%%"
}



@article{pQCD5,
      author         = "Petreczky, P.",
      title          = "{Review of recent highlights in lattice calculations at
                        finite temperature and finite density}",
      journal        = "PoS",
      volume         = "ConfinementX",
      pages          = "028",
      year           = "2012",
      eprint         = "1301.6188",
      archivePrefix  = "arXiv",
      primaryClass   = "hep-lat",
      reportNumber   = "BNL-99641-2013-JA",
      SLACcitation   = "%%CITATION = ARXIV:1301.6188;%%",
}

@article{Tuchin:2013ie,
      author         = "Tuchin, Kirill",
      title          = "{Particle production in strong electromagnetic fields in
                        relativistic heavy-ion collisions}",
      journal        = "Adv. High Energy Phys.",
      volume         = "2013",
      year           = "2013",
      pages          = "490495",
      doi            = "10.1155/2013/490495",
      eprint         = "1301.0099",
      archivePrefix  = "arXiv",
      primaryClass   = "hep-ph",
      SLACcitation   = "%%CITATION = ARXIV:1301.0099;%%"
}

@article{Tuchin:2010vs,
      author         = "Tuchin, Kirill",
      title          = "{Synchrotron radiation by fast fermions in heavy-ion
                        collisions}",
      journal        = "Phys. Rev.",
      volume         = "C82",
      year           = "2010",
      pages          = "034904",
      doi            = "10.1103/PhysRevC.83.039903, 10.1103/PhysRevC.82.034904",
      note           = "[Erratum: Phys. Rev.C83,039903(2011)]",
      eprint         = "1006.3051",
      archivePrefix  = "arXiv",
      primaryClass   = "nucl-th",
      reportNumber   = "RBRC-845",
      SLACcitation   = "%%CITATION = ARXIV:1006.3051;%%"
}

@article{Voronyuk:2011jd,
      author         = "Voronyuk, V. and Toneev, V. D. and Cassing, W. and
                        Bratkovskaya, E. L. and Konchakovski, V. P. and Voloshin,
                        S. A.",
      title          = "{(Electro-)Magnetic field evolution in relativistic
                        heavy-ion collisions}",
      journal        = "Phys. Rev.",
      volume         = "C83",
      year           = "2011",
      pages          = "054911",
      doi            = "10.1103/PhysRevC.83.054911",
      eprint         = "1103.4239",
      archivePrefix  = "arXiv",
      primaryClass   = "nucl-th",
      SLACcitation   = "%%CITATION = ARXIV:1103.4239;%%"
}


@article{Kharzeev:2007jp,
      author         = "Kharzeev, Dmitri E. and McLerran, Larry D. and Warringa,
                        Harmen J.",
      title          = "{The Effects of topological charge change in heavy ion
                        collisions: 'Event by event P and CP violation'}",
      journal        = "Nucl. Phys.",
      volume         = "A803",
      year           = "2008",
      pages          = "227-253",
      doi            = "10.1016/j.nuclphysa.2008.02.298",
      eprint         = "0711.0950",
      archivePrefix  = "arXiv",
      primaryClass   = "hep-ph",
      SLACcitation   = "%%CITATION = ARXIV:0711.0950;%%"
}



@article{Fukushima:2008xe,
      author         = "Fukushima, Kenji and Kharzeev, Dmitri E. and Warringa,
                        Harmen J.",
      title          = "{The Chiral Magnetic Effect}",
      journal        = "Phys. Rev.",
      volume         = "D78",
      year           = "2008",
      pages          = "074033",
      doi            = "10.1103/PhysRevD.78.074033",
      eprint         = "0808.3382",
      archivePrefix  = "arXiv",
      primaryClass   = "hep-ph",
      SLACcitation   = "%%CITATION = ARXIV:0808.3382;%%"
}




@article{Khachatryan:2016got,
      author         = "Khachatryan, Vardan and others",
      title          = "{Observation of charge-dependent azimuthal correlations
                        in $p$-Pb collisions and its implication for the search
                        for the chiral magnetic effect}",
      collaboration  = "CMS",
      journal        = "Phys. Rev. Lett.",
      volume         = "118",
      year           = "2017",
      number         = "12",
      pages          = "122301",
      doi            = "10.1103/PhysRevLett.118.122301",
      eprint         = "1610.00263",
      archivePrefix  = "arXiv",
      primaryClass   = "nucl-ex",
      reportNumber   = "CMS-HIN-16-009, CERN-EP-2016-236",
      SLACcitation   = "%%CITATION = ARXIV:1610.00263;%%"
}

@article{Abelev:2012pa,
      author         = "Abelev, Betty and others",
      title          = "{Charge separation relative to the reaction plane in
                        Pb-Pb collisions at $\sqrt{s_{NN}}= 2.76$ TeV}",
      collaboration  = "ALICE",
      journal        = "Phys. Rev. Lett.",
      volume         = "110",
      year           = "2013",
      number         = "1",
      pages          = "012301",
      doi            = "10.1103/PhysRevLett.110.012301",
      eprint         = "1207.0900",
      archivePrefix  = "arXiv",
      primaryClass   = "nucl-ex",
      reportNumber   = "CERN-PH-EP-2012-183",
      SLACcitation   = "%%CITATION = ARXIV:1207.0900;%%"
}



@article{Abelev:2009ac,
      author         = "Abelev, B. I. and others",
      title          = "{Azimuthal Charged-Particle Correlations and Possible
                        Local Strong Parity Violation}",
      collaboration  = "STAR",
      journal        = "Phys. Rev. Lett.",
      volume         = "103",
      year           = "2009",
      pages          = "251601",
      doi            = "10.1103/PhysRevLett.103.251601",
      eprint         = "0909.1739",
      archivePrefix  = "arXiv",
      primaryClass   = "nucl-ex",
      SLACcitation   = "%%CITATION = ARXIV:0909.1739;%%"
}


@article{Schlichting:2010qia,
      author         = "Schlichting, Soren and Pratt, Scott",
      title          = "{Charge conservation at energies available at the BNL
                        Relativistic Heavy Ion Collider and contributions to local
                        parity violation observables}",
      journal        = "Phys. Rev.",
      volume         = "C83",
      year           = "2011",
      pages          = "014913",
      doi            = "10.1103/PhysRevC.83.014913",
      eprint         = "1009.4283",
      archivePrefix  = "arXiv",
      primaryClass   = "nucl-th",
      SLACcitation   = "%%CITATION = ARXIV:1009.4283;%%"
}

@article{Bzdak:2013yla,
      author         = "Bzdak, Adam and Bozek, Piotr",
      title          = "{Contributions to the event-by-event charge asymmetry
                        dependence for the elliptic flow of $pi^{+}$ and $pi^{-}$
                        in heavy-ion collisions}",
      journal        = "Phys. Lett.",
      volume         = "B726",
      year           = "2013",
      pages          = "239-243",
      doi            = "10.1016/j.physletb.2013.08.003",
      eprint         = "1303.1138",
      archivePrefix  = "arXiv",
      primaryClass   = "nucl-th",
      reportNumber   = "RBRC-1010",
      SLACcitation   = "%%CITATION = ARXIV:1303.1138;%%"
}
@article{Acharya:2018hre,
      author         = "Acharya, S. and others",
      title          = "{Measurement of D$^{0}$, D$^{+}$, D$^{*+}$ and
                        D$_{s}^{+}$ production in Pb-Pb collisions at $
                        \sqrt{{\mathrm{s}}_{\mathrm{NN}}}=5.02 $ TeV}",
      collaboration  = "ALICE",
      journal        = "JHEP",
      volume         = "10",
      year           = "2018",
      pages          = "174",
      doi            = "10.1007/JHEP10(2018)174",
      eprint         = "1804.09083",
      archivePrefix  = "arXiv",
      primaryClass   = "nucl-ex",
      reportNumber   = "CERN-EP-2018-066",
      SLACcitation   = "%%CITATION = ARXIV:1804.09083;%%"
}

@article{Carnesecchi:2018oss,
      author         = "Carnesecchi, Francesca",
      title          = "{Performance of the ALICE Time-Of-Flight detector at the
                        LHC}",
      booktitle      = "{14th Workshop on Resistive Plate Chambers and Related
                        Detectors (RCP2018) Puerto Vallarta, Jalisco State,
                        Mexico, February 19-23, 2018}",
      collaboration  = "ALICE",
      journal        = "JINST",
      volume         = "14",
      year           = "2019",
      number         = "06",
      pages          = "C06023",
      doi            = "10.1088/1748-0221/14/06/C06023",
      eprint         = "1806.03825",
      archivePrefix  = "arXiv",
      primaryClass   = "physics.ins-det",
      SLACcitation   = "%%CITATION = ARXIV:1806.03825;%%"
}

@article{Gursoy:2014aka,
      author         = "Gursoy, Umut and Kharzeev, Dmitri and Rajagopal, Krishna",
      title          = "{Magnetohydrodynamics, charged currents and directed flow
                        in heavy ion collisions}",
      journal        = "Phys. Rev.",
      volume         = "C89",
      year           = "2014",
      number         = "5",
      pages          = "054905",
      doi            = "10.1103/PhysRevC.89.054905",
      eprint         = "1401.3805",
      archivePrefix  = "arXiv",
      primaryClass   = "hep-ph",
      SLACcitation   = "%%CITATION = ARXIV:1401.3805;%%"
}


@article{Ding:2010ga,
      author         = "Ding, H. -T. and Francis, A. and Kaczmarek, O. and
                        Karsch, F. and Laermann, E. and Soeldner, W.",
      title          = "{Thermal dilepton rate and electrical conductivity: An
                        analysis of vector current correlation functions in
                        quenched lattice QCD}",
      journal        = "Phys. Rev.",
      volume         = "D83",
      year           = "2011",
      pages          = "034504",
      doi            = "10.1103/PhysRevD.83.034504",
      eprint         = "1012.4963",
      archivePrefix  = "arXiv",
      primaryClass   = "hep-lat",
      reportNumber   = "BI-TP-2010-46",
      SLACcitation   = "%%CITATION = ARXIV:1012.4963;%%"
}
@article{Amato:2013naa,
      author         = "Amato, Alessandro and Aarts, Gert and Allton, Chris and
                        Giudice, Pietro and Hands, Simon and Skullerud, Jon-Ivar",
      title          = "{Electrical conductivity of the quark-gluon plasma across
                        the deconfinement transition}",
      journal        = "Phys. Rev. Lett.",
      volume         = "111",
      year           = "2013",
      number         = "17",
      pages          = "172001",
      doi            = "10.1103/PhysRevLett.111.172001",
      eprint         = "1307.6763",
      archivePrefix  = "arXiv",
      primaryClass   = "hep-lat",
      SLACcitation   = "%%CITATION = ARXIV:1307.6763;%%"
}



@article{Kaczmarek:2013dya,
      author         = "Kaczmarek, Olaf and Mueller, Marcel",
      title          = "{Temperature dependence of electrical conductivity and
                        dilepton rates from hot quenched lattice QCD}",
      booktitle      = "{Proceedings, 31st International Symposium on Lattice
                        Field Theory (Lattice 2013): Mainz, Germany, July
                        29-August 3, 2013}",
      journal        = "PoS",
      volume         = "LATTICE2013",
      year           = "2014",
      pages          = "175",
      doi            = "10.22323/1.187.0175",
      eprint         = "1312.5609",
      archivePrefix  = "arXiv",
      primaryClass   = "hep-lat",
      SLACcitation   = "%%CITATION = ARXIV:1312.5609;%%"
}



@article{Abelev:2013bla,
      author         = "Abelev, Betty Bezverkhny and others",
      title          = "{Multiplicity dependence of the average transverse
                        momentum in pp, p-Pb, and Pb-Pb collisions at the LHC}",
      collaboration  = "ALICE",
      journal        = "Phys. Lett.",
      volume         = "B727",
      year           = "2013",
      pages          = "371-380",
      doi            = "10.1016/j.physletb.2013.10.054",
      eprint         = "1307.1094",
      archivePrefix  = "arXiv",
      primaryClass   = "nucl-ex",
      reportNumber   = "CERN-PH-EP-2013-111",
      SLACcitation   = "%%CITATION = ARXIV:1307.1094;%%"
}
@article{Das:2016cwd,
      author         = "Das, Santosh K. and Plumari, Salvatore and Chatterjee,
                        Sandeep and Alam, Jane and Scardina, Francesco and Greco,
                        Vincenzo",
      title          = "{Directed Flow of Charm Quarks as a Witness of the
                        Initial Strong Magnetic Field in Ultra-Relativistic Heavy
                        Ion Collisions}",
      journal        = "Phys. Lett.",
      volume         = "B768",
      year           = "2017",
      pages          = "260-264",
      doi            = "10.1016/j.physletb.2017.02.046",
      eprint         = "1608.02231",
      archivePrefix  = "arXiv",
      primaryClass   = "nucl-th",
      SLACcitation   = "%%CITATION = ARXIV:1608.02231;%%"
}

@article{Chatterjee:2017ahy,
      author         = "Chatterjee, Sandeep and Bozek, Piotr",
      title          = "{Large directed flow of open charm mesons probes the
                        three dimensional distribution of matter in heavy ion
                        collisions}",
      journal        = "Phys. Rev. Lett.",
      volume         = "120",
      year           = "2018",
      number         = "19",
      pages          = "192301",
      doi            = "10.1103/PhysRevLett.120.192301",
      eprint         = "1712.01189",
      archivePrefix  = "arXiv",
      primaryClass   = "nucl-th",
      SLACcitation   = "%%CITATION = ARXIV:1712.01189;%%"
}

@article{Chatterjee:2018lsx,
      author         = "Chatterjee, Sandeep and Bozek, Piotr",
      title          = "{Interplay of drag by hot matter and electromagnetic
                        force on the directed flow of heavy quarks}",
      journal        = "Phys. Lett.",
      volume         = "B798",
      year           = "2019",
      pages          = "134955",
      doi            = "10.1016/j.physletb.2019.134955",
      eprint         = "1804.04893",
      archivePrefix  = "arXiv",
      primaryClass   = "nucl-th",
      SLACcitation   = "%%CITATION = ARXIV:1804.04893;%%"
}


@article{Shen:2014vra,
      author         = "Shen, Chun and Qiu, Zhi and Song, Huichao and Bernhard,
                        Jonah and Bass, Steffen and Heinz, Ulrich",
      title          = "{The iEBE-VISHNU code package for relativistic heavy-ion
                        collisions}",
      journal        = "Comput. Phys. Commun.",
      volume         = "199",
      year           = "2016",
      pages          = "61-85",
      doi            = "10.1016/j.cpc.2015.08.039",
      eprint         = "1409.8164",
      archivePrefix  = "arXiv",
      primaryClass   = "nucl-th",
      SLACcitation   = "%%CITATION = ARXIV:1409.8164;%%"
}

























@article{Radiativea,
      author         = "Gyulassy, Miklos and Plumer, Michael",
      title          = "{Jet Quenching in Dense Matter}",
      journal        = "Phys. Lett.",
      volume         = "B243",
      year           = "1990",
      pages          = "432-438",
      doi            = "10.1016/0370-2693(90)91409-5",
      reportNumber   = "LBL-28531",
      SLACcitation   = "%%CITATION = PHLTA,B243,432;%%"
}


@article{Radiativeb,
      author         = "Baier, R. and Dokshitzer, Yuri L. and Mueller, Alfred H.
                        and Peigne, S. and Schiff, D.",
      title          = "{Radiative energy loss and $p_{\rm T}$-broadening of high-energy
                        partons in nuclei}",
      journal        = "Nucl. Phys.",
      volume         = "B484",
      year           = "1997",
      pages          = "265-282",
      doi            = "10.1016/S0550-3213(96)00581-0",
      eprint         = "hep-ph/9608322",
      archivePrefix  = "arXiv",
      primaryClass   = "hep-ph",
      reportNumber   = "CU-TP-760, BI-TP-96-26, LPTHE-ORSAY-96-61",
      SLACcitation   = "%%CITATION = HEP-PH/9608322;%%"
}


@article{Colla,
title = "Quark damping and energy loss in the high temperature {QCD}",
journal = "Nuclear Physics ",
volume = "B351",
number = "3",
pages = "491 - 506",
year = "1991",
note = "",
issn = "0550-3213",
doi = "http://dx.doi.org/10.1016/S0550-3213(05)80031-8",
url = "http://www.sciencedirect.com/science/article/pii/S0550321305800318",
author = "Markus H. Thoma and Miklos Gyulassy",

}

@article{Collb,
  title = {Energy loss of a heavy fermion in a hot {QED} plasma},
  author = {Braaten, Eric and Thoma, Markus H.},
  journal = {Phys. Rev. D},
  volume = {44},
  issue = {4},
  pages = {1298--1310},
  numpages = {0},
  year = {1991},
  month = {Aug},
  publisher = {American Physical Society},
  doi = {10.1103/PhysRevD.44.1298},
  url = {http://link.aps.org/doi/10.1103/PhysRevD.44.1298}
}


@article{Collc,
  title = {Energy loss of a heavy quark in the quark-gluon plasma},
  author = {Braaten, Eric and Thoma, Markus H.},
  journal = {Phys. Rev. D},
  volume = {44},
  issue = {9},
  pages = {R2625--R2630},
  numpages = {0},
  year = {1991},
  month = {Nov},
  publisher = {American Physical Society},
  doi = {10.1103/PhysRevD.44.R2625},
  url = {http://link.aps.org/doi/10.1103/PhysRevD.44.R2625}
}


@article{PHENIXRaamuCuCu,
  title = {Nuclear-modification factor for open-heavy-flavor production at forward rapidity in {Cu--Cu} collisions at $\sqrt{s_\mathrm{NN}}$ = 200 {{{GeV}}}},
  author = {Adare, A. and others},
  collaboration = {PHENIX},
  journal = {Phys. Rev. C},
  volume = {86},
  issue = {2},
  pages = {024909},
  numpages = {16},
  year = {2012},
  month = {Aug},
  publisher = {American Physical Society},
  doi = {10.1103/PhysRevC.86.024909},
  url = {http://link.aps.org/doi/10.1103/PhysRevC.86.024909}
}



@article{PHENIXRaaeAuAu,
      author         = "Adare, A. and others",
      title          = "{Heavy Quark Production in pp and Energy Loss and Flow
                        of Heavy Quarks in Au--Au Collisions at $\sqrt{s_\mathrm{NN}}$=200
                        GeV}",
      collaboration  = "PHENIX",
      journal        = "Phys. Rev.",
      volume         = "C84",
      year           = "2011",
      pages          = "044905",
      doi            = "10.1103/PhysRevC.84.044905",
      eprint         = "1005.1627",
      archivePrefix  = "arXiv",
      primaryClass   = "nucl-ex",
      SLACcitation   = "%%CITATION = ARXIV:1005.1627;%%"
}



@article{PHENIXRaaeAuAubis,
      author         = "Adler, S. S. and others",
      title          = "{Nuclear modification of electron spectra and
                        implications for heavy quark energy loss in Au+Au
                        collisions at s(NN)**(1/2) - 200-GeV}",
      collaboration  = "PHENIX",
      journal        = "Phys. Rev. Lett.",
      volume         = "96",
      year           = "2006",
      pages          = "032301",
      doi            = "10.1103/PhysRevLett.96.032301",
      eprint         = "nucl-ex/0510047",
      archivePrefix  = "arXiv",
      primaryClass   = "nucl-ex",
      SLACcitation   = "%%CITATION = NUCL-EX/0510047;%%"
}



@article{STARRaaeAuAu,
      author         = "Abelev, B. I. and others",
      title          = "{Transverse momentum and centrality dependence of
                        high-$p_T$ non-photonic electron suppression in Au+Au
                        collisions at $\sqrt{s_{NN}} = 200$\,GeV}",
      collaboration  = "STAR",
      journal        = "Phys. Rev. Lett.",
      volume         = "98",
      year           = "2007",
      pages          = "192301",
      doi            = "10.1103/PhysRevLett.106.159902,
                        10.1103/PhysRevLett.98.192301",
      note           = "[Erratum: Phys. Rev. Lett.106,159902(2011)]",
      eprint         = "nucl-ex/0607012",
      archivePrefix  = "arXiv",
      primaryClass   = "nucl-ex",
      SLACcitation   = "%%CITATION = NUCL-EX/0607012;%%"
}




@article{STARRaaD0AuAu,
      author         = "Adamczyk, L. and others",
      title          = "{Observation of $D^0$ Meson Nuclear Modifications in
                        Au+Au Collisions at $\sqrt{s_{NN}}=200$??GeV}",
      collaboration  = "STAR",
      journal        = "Phys. Rev. Lett.",
      volume         = "113",
      year           = "2014",
      number         = "14",
      pages          = "142301",
      doi            = "10.1103/PhysRevLett.113.142301",
      eprint         = "1404.6185",
      archivePrefix  = "arXiv",
      primaryClass   = "nucl-ex",
      SLACcitation   = "%%CITATION = ARXIV:1404.6185;%%"
}


@article{ALICEDRPbPb,
      author         = "Abelev, Betty and others",
      title          = "{Suppression of high transverse momentum {D} mesons in
                        central {{Pb--Pb}} collisions at energy $\sqrt{s_\mathrm{NN}}$ = 2.76 {{TeV}}}",
      collaboration  = "ALICE",
      journal        = "JHEP",
      volume         = "09",
      year           = "2012",
      pages          = "112",
      doi            = "10.1007/JHEP09(2012)112",
      eprint         = "1203.2160",
      archivePrefix  = "arXiv",
      primaryClass   = "nucl-ex",
      reportNumber   = "CERN-PH-EP-2012-069",
      SLACcitation   = "%%CITATION = ARXIV:1203.2160;%%"
}




@article{ALICEDRPbPbcent,
      author         = "Adam, Jaroslav and others",
      title          = "{Centrality dependence of high-$p_{\rm T}$ D meson suppression in {{Pb--Pb}} collisions at $\sqrt{s_\mathrm{NN}}$ = 2.76  {{TeV}}}",
      collaboration  = "ALICE",
      journal        = "JHEP",
      volume         = "11",
      year           = "2015",
      pages          = "205",
      doi            = "10.1007/JHEP11(2015)205",
      eprint         = "1506.06604",
      archivePrefix  = "arXiv",
      primaryClass   = "nucl-ex",
      reportNumber   = "CERN-PH-EP-2015-151",
      SLACcitation   = "%%CITATION = ARXIV:1506.06604;%%"
}



@article{ALICEmuRPbPb,
      author         = "Abelev, Betty and others",
      title          = "{Production of muons from heavy flavour decays at forward
                        rapidity in pp and {{Pb--Pb}} collisions at $\sqrt{s_\mathrm{NN}}$ = 2.76 {{TeV}}}",
      collaboration  = "ALICE",
      journal        = "Phys. Rev. Lett.",
      volume         = "109",
      year           = "2012",
      pages          = "112301",
      doi            = "10.1103/PhysRevLett.109.112301",
      eprint         = "1205.6443",
      archivePrefix  = "arXiv",
      primaryClass   = "hep-ex",
      reportNumber   = "CERN-PH-EP-2012-155",
      SLACcitation   = "%%CITATION = ARXIV:1205.6443;%%"
}


@article{CMSnpjpsi,
      author         = "Chatrchyan, Serguei and others",
      title          = "{Suppression of non-prompt $\rm{J}/\psi$, prompt $\rm{J}/\psi$, and
                        $\Upsilon$(1S) in {{Pb--Pb}} collisions at $\sqrt{s_\mathrm{NN}}$ =2.76 {{TeV}}}",
      collaboration  = "CMS",
      journal        = "JHEP",
      volume         = "05",
      year           = "2012",
      pages          = "063",
      doi            = "10.1007/JHEP05(2012)063",
      eprint         = "1201.5069",
      archivePrefix  = "arXiv",
      primaryClass   = "nucl-ex",
      reportNumber   = "CMS-HIN-10-006, CERN-PH-EP-2011-170",
      SLACcitation   = "%%CITATION = ARXIV:1201.5069;%%"
}


@article{CMSnpjpsibis,
      author         = "Chatrchyan, Serguei and others",
      title          = {$\rm{J}/\psi$ results from CMS in {Pb--Pb} collisions, with 150$\mu$b$^{-1}$
                        data},
      collaboration  = "CMS",
      year           = "2012",
      reportNumber   = "CMS-PAS-HIN-12-014",
            journal   = "CMS-PAS-HIN-12-014",
      SLACcitation   = "%%CITATION = CMS-PAS-HIN-12-014;%%"
}


@article{lighthadronv21,
  title = {Azimuthal anisotropy in {Au--Au} collisions at $\sqrt{{s}_{\mathit{NN}}}=200\phantom{\rule{0.3em}{0ex}}\mathrm{{{GeV}}}$},
  author = {Adams, J. and others},
  collaboration = {STAR Collaboration and STAR-RICH},
  journal = {Phys. Rev. C},
  volume = {72},
  issue = {1},
  pages = {014904},
  numpages = {23},
  year = {2005},
  month = {Jul},
  publisher = {American Physical Society},
  doi = {10.1103/PhysRevC.72.014904},
  url = {http://link.aps.org/doi/10.1103/PhysRevC.72.014904}
}


@article{lighthadronv22,
  title = {High-${p}_{T} {\ensuremath{\pi}}^{0}$ production with respect to the reaction plane in $\mathrm{Au}+\mathrm{Au}$ collisions at $\sqrt{{s}_{\mathit{NN}}}=200$ {{GeV}}},
  author = {Afanasiev, S. and others},
  collaboration = {PHENIX},
  journal = {Phys. Rev. C},
  volume = {80},
  issue = {5},
  pages = {054907},
  numpages = {29},
  year = {2009},
  month = {Nov},
  publisher = {American Physical Society},
  doi = {10.1103/PhysRevC.80.054907},
  url = {http://link.aps.org/doi/10.1103/PhysRevC.80.054907}
}



@article{lighthadronv23,
  title = {Elliptic Flow of Charged Particles in {Pb--Pb} Collisions at $\sqrt{s_\mathrm{NN}}$ = 2.76 {TeV}},
  author = {Aamodt, K. and others},
  collaboration = {ALICE},
  journal = {Phys. Rev. Lett.},
  volume = {105},
  issue = {25},
  pages = {252302},
  numpages = {11},
  year = {2010},
  month = {Dec},
  publisher = {American Physical Society},
  doi = {10.1103/PhysRevLett.105.252302},
  url = {http://link.aps.org/doi/10.1103/PhysRevLett.105.252302}
}


@article{lighthadronv25,
  title = {Measurement of the azimuthal anisotropy for charged particle production in $\sqrt{s_\mathrm{NN}}$ = 2.76 {TeV} lead-lead collisions with the ATLAS detector},
  author = {Aad, G. and others},
  collaboration = {ATLAS},
  journal = {Phys. Rev. C},
  volume = {86},
  issue = {1},
  pages = {014907},
  numpages = {41},
  year = {2012},
  month = {Jul},
  publisher = {American Physical Society},
  doi = {10.1103/PhysRevC.86.014907},
  url = {http://link.aps.org/doi/10.1103/PhysRevC.86.014907}
}



@article{lighthadronv26,
  title = {Measurement of the elliptic anisotropy of charged particles produced in {Pb--Pb} collisions at $\sqrt{s_\mathrm{NN}}$ = 2.76 {TeV}},
  author = {Chatrchyan, S. and others},
  collaboration = {CMS},
  journal = {Phys. Rev. C},
  volume = {87},
  issue = {1},
  pages = {014902},
  numpages = {34},
  year = {2013},
  month = {Jan},
  publisher = {American Physical Society},
  doi = {10.1103/PhysRevC.87.014902},
  url = {http://link.aps.org/doi/10.1103/PhysRevC.87.014902}
}

@article{Evidencehydro,
  title = {Anisotropy as a signature of transverse collective flow},
  author = {Ollitrault, Jean-Yves},
  journal = {Phys. Rev. D},
  volume = {46},
  issue = {1},
  pages = {229--245},
  numpages = {0},
  year = {1992},
  month = {Jul},
  publisher = {American Physical Society},
  doi = {10.1103/PhysRevD.46.229},
  url = {http://link.aps.org/doi/10.1103/PhysRevD.46.229}
}


@article{Evidencehydrobis,
      author         = "Kolb, Peter F. and Heinz, Ulrich W.",
      title          = "{Hydrodynamic description of ultrarelativistic heavy ion
                        collisions}",
      year           = "2003",
      eprint         = "nucl-th/0305084",
      archivePrefix  = "arXiv",
      primaryClass   = "nucl-th",
      reportNumber   = "SUNY-NTG-03-06",
      SLACcitation   = "%%CITATION = NUCL-TH/0305084;%%"
}



 
 @article{Annihalition,
      author         = "Braun-Munzinger, P.",
      title          = "{Quarkonium production in ultra-relativistic nuclear
                        collisions: Suppression versus enhancement}",
      booktitle      = "{Proceedings, 19th International Conference on
                        Ultra-Relativistic nucleus-nucleus collisions (Quark
                        Matter 2006): Shanghai, P.R. China, November 14-20, 2006}",
      journal        = "J. Phys.",
      volume         = "G34",
      year           = "2007",
      pages          = "S471-478",
      doi            = "10.1088/0954-3899/34/8/S36",
      eprint         = "nucl-th/0701093",
      archivePrefix  = "arXiv",
      primaryClass   = "NUCL-TH",
      SLACcitation   = "%%CITATION = NUCL-TH/0701093;%%"
}



@article{Acharya:2019lkh,
    author = "Acharya, Shreyasi and others",
    collaboration = "ALICE",
    title = "{Centrality and transverse momentum dependence of inclusive J/$\psi$ production at midrapidity in Pb-Pb collisions at $\sqrt{s_{\rm NN}}$ = 5.02 TeV}",
    eprint = "1910.14404",
    archivePrefix = "arXiv",
    primaryClass = "nucl-ex",
    reportNumber = "CERN-EP-2019-234",
    doi = "10.1016/j.physletb.2020.135434",
    journal = "Phys. Lett. B",
    volume = "805",
    pages = "135434",
    year = "2020"
}


@article{Adam:2016rdg,
    author = "Adam, Jaroslav and others",
    collaboration = "ALICE",
    title = "{J/$\psi$ suppression at forward rapidity in Pb-Pb collisions at $\mathbf{\sqrt{s_{{\rm NN}}} = 5.02}$ TeV}",
    eprint = "1606.08197",
    archivePrefix = "arXiv",
    primaryClass = "nucl-ex",
    reportNumber = "CERN-EP-2016-162",
    doi = "10.1016/j.physletb.2016.12.064",
    journal = "Phys. Lett. B",
    volume = "766",
    pages = "212--224",
    year = "2017"
}
	
@article{Liu:2009nb,
    author = "Liu, Yun-peng and Qu, Zhen and Xu, Nu and Zhuang, Peng-fei",
    title = "{J/psi Transverse Momentum Distribution in High Energy Nuclear Collisions at RHIC}",
    eprint = "0901.2757",
    archivePrefix = "arXiv",
    primaryClass = "nucl-th",
    doi = "10.1016/j.physletb.2009.06.006",
    journal = "Phys. Lett. B",
    volume = "678",
    pages = "72--76",
    year = "2009"
}


@article{Zhao:2011cv,
    author = "Zhao, Xingbo and Rapp, Ralf",
    title = "{Medium Modifications and Production of Charmonia at LHC}",
    eprint = "1102.2194",
    archivePrefix = "arXiv",
    primaryClass = "hep-ph",
    doi = "10.1016/j.nuclphysa.2011.05.001",
    journal = "Nucl. Phys. A",
    volume = "859",
    pages = "114--125",
    year = "2011"
}

@article{Andronic:2011yq,
    author = "Andronic, A. and Braun-Munzinger, P. and Redlich, K. and Stachel, J.",
    editor = "Schutz, Yves and Wiedemann, Urs Achim",
    title = "{The thermal model on the verge of the ultimate test: particle production in Pb-Pb collisions at the LHC}",
    eprint = "1106.6321",
    archivePrefix = "arXiv",
    primaryClass = "nucl-th",
    doi = "10.1088/0954-3899/38/12/124081",
    journal = "J. Phys. G",
    volume = "38",
    pages = "124081",
    year = "2011"
}
	
@article{Andronic:2015wma,
    author = "Andronic, A. and others",
    title = "{Heavy-flavour and quarkonium production in the LHC era: from proton--proton to heavy-ion collisions}",
    eprint = "1506.03981",
    archivePrefix = "arXiv",
    primaryClass = "nucl-ex",
    doi = "10.1140/epjc/s10052-015-3819-5",
    journal = "Eur. Phys. J. C",
    volume = "76",
    number = "3",
    pages = "107",
    year = "2016"
}



@article{Acharya:2017jgo,
    author = "Acharya, Shreyasi and others",
    collaboration = "ALICE",
    title = "{Measurement of D-meson production at mid-rapidity in pp collisions at ${\sqrt{s}=7}$  TeV}",
    eprint = "1702.00766",
    archivePrefix = "arXiv",
    primaryClass = "hep-ex",
    reportNumber = "CERN-EP-2017-020",
    doi = "10.1140/epjc/s10052-017-5090-4",
    journal = "Eur. Phys. J. C",
    volume = "77",
    number = "8",
    pages = "550",
    year = "2017"
}
	
@article{Acharya:2019mgn,
    author = "Acharya, Shreyasi and others",
    collaboration = "ALICE",
    title = "{Measurement of ${{\mathrm{D}}^0}$ , ${{\mathrm{D}}^+}$ , ${{\mathrm{D}}^{*+}}$ and ${{\mathrm{D}}^+_{\mathrm{s}}}$ production in pp collisions at ${\sqrt{{\textit{s}}}~=~5.02~{\text {TeV}}}$ with ALICE}",
    eprint = "1901.07979",
    archivePrefix = "arXiv",
    primaryClass = "nucl-ex",
    reportNumber = "CERN-EP-2019-004",
    doi = "10.1140/epjc/s10052-019-6873-6",
    journal = "Eur. Phys. J. C",
    volume = "79",
    number = "5",
    pages = "388",
    year = "2019"
}	

@article{Recombinationa,
      author         = "Greco, V. and Ko, C. M. and Rapp, R.",
      title          = "{Quark coalescence for charmed mesons in
                        ultrarelativistic heavy ion collisions}",
      journal        = "Phys. Lett.",
      volume         = "B595",
      year           = "2004",
      pages          = "202-208",
      doi            = "10.1016/j.physletb.2004.06.064",
      eprint         = "nucl-th/0312100",
      archivePrefix  = "arXiv",
      primaryClass   = "nucl-th",
      SLACcitation   = "%%CITATION = NUCL-TH/0312100;%%"
}





@article{Pathlengtha,
      author         = "Gyulassy, M. and Vitev, I. and Wang, X. N.",
      title          = "{High $p_{\rm T}$ azimuthal asymmetry in non-central {A}+{A} at
                        RHIC}",
      journal        = "Phys. Rev. Lett.",
      volume         = "86",
      year           = "2001",
      pages          = "2537-2540",
      doi            = "10.1103/PhysRevLett.86.2537",
      eprint         = "nucl-th/0012092",
      archivePrefix  = "arXiv",
      primaryClass   = "nucl-th",
      SLACcitation   = "%%CITATION = NUCL-TH/0012092;%%"
}

@article{Pathlengthb,
  title = "{Azimuthal asymmetry at large {$p_{\rm T}$} seem to be too large for a pure jet quenching}",
  author = {Shuryak, E V},
  journal = {Phys. Rev. C},
  volume = {66},
  issue = {2},
  pages = {027902},
  numpages = {4},
  year = {2002},
  month = {Aug},
  publisher = {American Physical Society},
  doi = {10.1103/PhysRevC.66.027902},
  url = {http://link.aps.org/doi/10.1103/PhysRevC.66.027902}
}


@article{0954-3899-30-11-001,
  author={F Carminati and others},
  title="{ALICE: Physics Performance Report, Volume {I} }",
       collaboration  = "ALICE",
  journal={Journal of Physics G: Nuclear and Particle Physics},
  volume={30},
  number={11},
  pages={1517},
  url={http://stacks.iop.org/0954-3899/30/i=11/a=001},
  year={2004}
}

@inproceedings{Adye:2011gm,
    author = "Adye, Tim",
    title = "{Unfolding algorithms and tests using RooUnfold}",
    booktitle = "{PHYSTAT 2011}",
    eprint = "1105.1160",
    archivePrefix = "arXiv",
    primaryClass = "physics.data-an",
    doi = "10.5170/CERN-2011-006.313",
    publisher = "CERN",
    address = "Geneva",
    pages = "313--318",
    year = "2011"
}

@article{DAgostini:1994fjx,
    author = "D'Agostini, G.",
    title = "{A Multidimensional unfolding method based on Bayes' theorem}",
    reportNumber = "DESY-94-099",
    doi = "10.1016/0168-9002(95)00274-X",
    journal = "Nucl. Instrum. Meth. A",
    volume = "362",
    pages = "487--498",
    year = "1995"
}

@article{Brun:1994aa,
    author = "Brun, Ren√© and Bruyant, F. and Carminati, Federico and Giani, Simone and Maire, M. and McPherson, A. and Patrick, G. and Urban, L.",
    title = "{GEANT Detector Description and Simulation Tool}",
    reportNumber = "CERN-W5013, CERN-W-5013, W5013, W-5013",
    doi = "10.17181/CERN.MUHF.DMJ1",
    month = "10",
    year = "1994"
}


@article{0954-3899-32-10-001,
  author={B Alessandro and others},
  title="{ALICE: Physics Performance Report, Volume {II} }",
     collaboration  = "ALICE",
  journal={Journal of Physics G: Nuclear and Particle Physics},
  volume={32},
  number={10},
  pages={1295},
  url={http://stacks.iop.org/0954-3899/32/i=10/a=001},
  year={2006}
}

@article{1748-0221-3-08-S08002,
  author={K Aamodt and others},
  title="{The ALICE experiment at the {CERN} {LHC}}",
        collaboration  = "ALICE",
  journal={Journal of Instrumentation},
  volume={3},
  number={08},
  pages={S08002},
  url={http://stacks.iop.org/1748-0221/3/i=08/a=S08002},
  year={2008}
}

@inproceedings{Citron:2018lsq,
      author         = "Citron, Z. and others",
      title          = "{Future physics opportunities for high-density QCD at the
                        LHC with heavy-ion and proton beams}",
      booktitle      = "{HL/HE-LHC Workshop: Workshop on the Physics of HL-LHC,
                        and Perspectives at HE-LHC Geneva, Switzerland, June
                        18-20, 2018}",
      year           = "2018",
      eprint         = "1812.06772",
      archivePrefix  = "arXiv",
      primaryClass   = "hep-ph",
      reportNumber   = "CERN-LPCC-2018-07",
      SLACcitation   = "%%CITATION = ARXIV:1812.06772;%%"
}

@article{Gubser:2010ze,
      author         = "Gubser, Steven S.",
      title          = "{Symmetry constraints on generalizations of Bjorken
                        flow}",
      journal        = "Phys. Rev.",
      volume         = "D82",
      year           = "2010",
      pages          = "085027",
      doi            = "10.1103/PhysRevD.82.085027",
      eprint         = "1006.0006",
      archivePrefix  = "arXiv",
      primaryClass   = "hep-th",
      reportNumber   = "PUPT-2340",
      SLACcitation   = "%%CITATION = ARXIV:1006.0006;%%"
}

	
@article{Selyuzhenkov:2007zi,
      author         = "Selyuzhenkov, Ilya and Voloshin, Sergei",
      title          = "{Effects of non-uniform acceptance in anisotropic flow
                        measurement}",
      journal        = "Phys. Rev.",
      volume         = "C77",
      year           = "2008",
      pages          = "034904",
      doi            = "10.1103/PhysRevC.77.034904",
      eprint         = "0707.4672",
      archivePrefix  = "arXiv",
      primaryClass   = "nucl-th",
      SLACcitation   = "%%CITATION = ARXIV:0707.4672;%%"
}

@article{Poskanzer:1998yz,
      author         = "Poskanzer, Arthur M. and Voloshin, S. A.",
      title          = "{Methods for analyzing anisotropic flow in relativistic
                        nuclear collisions}",
      journal        = "Phys. Rev.",
      volume         = "C58",
      year           = "1998",
      pages          = "1671-1678",
      doi            = "10.1103/PhysRevC.58.1671",
      eprint         = "nucl-ex/9805001",
      archivePrefix  = "arXiv",
      primaryClass   = "nucl-ex",
      SLACcitation   = "%%CITATION = NUCL-EX/9805001;%%"
}


@article{PhysRevC.66.034904,
  title = "{Elliptic flow from two- and four-particle correlations in {Au--Au} collisions at $\sqrt{{s}_{\mathrm{NN}}}=130~\mathrm{{{GeV}}}$}",
  author = {Adler, C. and others},
  collaboration  = "STAR",
  journal = {Phys. Rev. C},
  volume = {66},
  issue = {3},
  pages = {034904},
  numpages = {17},
  year = {2002},
  month = {Sep},
  publisher = {American Physical Society},
  doi = {10.1103/PhysRevC.66.034904},
  url = {http://link.aps.org/doi/10.1103/PhysRevC.66.034904}
}


@article{Luzum:2012da,
      author         = "Luzum, Matthew and Ollitrault, Jean-Yves",
      title          = "{Eliminating experimental bias in anisotropic-flow
                        measurements of high-energy nuclear collisions}",
      journal        = "Phys.Rev.",
      number         = "4",
      volume         = "C87",
      pages          = "044907",
      doi            = "10.1103/PhysRevC.87.044907",
      year           = "2013",
      eprint         = "1209.2323",
      archivePrefix  = "arXiv",
      primaryClass   = "nucl-ex",
      reportNumber   = "SACLAY-T12-074",
      SLACcitation   = "%%CITATION = ARXIV:1209.2323;%%",
}


@article{Abelev:2014pua,
    author         = "Abelev, Bezverkhny and others",
      title          = "{Elliptic flow of identified hadrons in Pb-Pb collisions
                        at $\sqrt{s_\mathrm{NN}}$ = 2.76 TeV}",
      collaboration  = "ALICE",
      journal        = "JHEP",
      volume         = "06",
      year           = "2015",
      pages          = "190",
      doi            = "10.1007/JHEP06(2015)190",
      eprint         = "1405.4632",
      archivePrefix  = "arXiv",
      primaryClass   = "nucl-ex",
      reportNumber   = "CERN-PH-EP-2014-104",
      SLACcitation   = "%%CITATION = ARXIV:1405.4632;%%"
 }  
   
@article{Hocker:1995kb,
    author = "Hocker, Andreas and Kartvelishvili, Vakhtang",
    title = "{SVD approach to data unfolding}",
    eprint = "hep-ph/9509307",
    archivePrefix = "arXiv",
    reportNumber = "M-C-TH-95-15, LAL-95-55",
    doi = "10.1016/0168-9002(95)01478-0",
    journal = "Nucl. Instrum. Meth. A",
    volume = "372",
    pages = "469--481",
    year = "1996"
}

@article{Aaij:2019pqz,
    author = "Aaij, Roel and others",
    collaboration = "LHCb",
    title = "{Measurement of $b$ hadron fractions in 13 TeV $pp$ collisions}",
    eprint = "1902.06794",
    archivePrefix = "arXiv",
    primaryClass = "hep-ex",
    reportNumber = "CERN-EP-2019-016, LHCb-PAPER-2018-050",
    doi = "10.1103/PhysRevD.100.031102",
    journal = "Phys. Rev. D",
    volume = "100",
    number = "3",
    pages = "031102",
    year = "2019"
}

@article{Cacciari:2012ny,
    author = "Cacciari, Matteo and Frixione, Stefano and Houdeau, Nicolas and Mangano, Michelangelo L. and Nason, Paolo and Ridolfi, Giovanni",
    title = "{Theoretical predictions for charm and bottom production at the LHC}",
    eprint = "1205.6344",
    archivePrefix = "arXiv",
    primaryClass = "hep-ph",
    reportNumber = "CERN-PH-TH-2011-227",
    doi = "10.1007/JHEP10(2012)137",
    journal = "JHEP",
    volume = "10",
    pages = "137",
    year = "2012"
}

@article{PhysRevD.50.4436,
  title = {Next-to-leading order hadronic single-spin production of polarized prompt photons},
  author = {Vogelsang, W.},
  journal = {Phys. Rev. D},
  volume = {50},
  issue = {7},
  pages = {4436--4446},
  numpages = {0},
  year = {1994},
  month = {Oct},
  publisher = {American Physical Society},
  doi = {10.1103/PhysRevD.50.4436},
  url = {http://link.aps.org/doi/10.1103/PhysRevD.50.4436}
}


@article{DirectPhotonSpectrum,
   author         = "Adam, Jaroslav and others",
      title          = "{Direct photon production in Pb--Pb collisions at $\sqrt{s_\mathrm{NN}}$= 2.76 TeV}",
      collaboration  = "ALICE",
      journal        = "Phys. Lett.",
      volume         = "B754",
      year           = "2016",
      pages          = "235-248",
      doi            = "10.1016/j.physletb.2016.01.020",
      eprint         = "1509.07324",
      archivePrefix  = "arXiv",
      primaryClass   = "nucl-ex",
      reportNumber   = "CERN-PH-EP-2015-254",
      SLACcitation   = "%%CITATION = ARXIV:1509.07324;%%"
}


@article{ALICEChpartv2,
      author         = "Abelev, Betty and others",
      title          = "{Anisotropic flow of charged hadrons, pions and
                        (anti-)protons measured at high transverse momentum in
                        {Pb--Pb} collisions at $\sqrt{s_\mathrm{NN}}$ = 2.76 {TeV}}",
      collaboration  = "ALICE",
      journal        = "Phys.Lett.",
      volume         = "B719",
      pages          = "18-28",
      doi            = "10.1016/j.physletb.2012.12.066",
      year           = "2013",
      eprint         = "1205.5761",
      archivePrefix  = "arXiv",
      primaryClass   = "nucl-ex",
      reportNumber   = "CERN-PH-EP-2012-142",
      SLACcitation   = "%%CITATION = ARXIV:1205.5761;%%",
}


@article{ALICEChpartv2note,
      title         = "{Supplemental figure: Anisotropic flow of charged hadrons,
                       pions and (anti-)protons measured at high transverse
                       momentum in Pb-Pb collisions at $\mathbf{\sqrt{{\textit
                       s}_{\rm NN}}}$ = 2.76 TeV}",
      collaboration = "ALICE",
      month         = "Aug",
      year          = "2015",
      reportNumber  = "ALICE-PUBLIC-2015-003",
      url           = "https://cds.cern.ch/record/2045885",
}


@article{Adam:2015pga,
      author         = "Adam, Jaroslav and others",
      title          = "{Elliptic flow of muons from heavy-flavour hadron decays
                        at forward rapidity in {Pb--Pb} collisions at $\sqrt{s_\mathrm{NN}}$ =2.76 {TeV}}",
      collaboration  = "ALICE",
      year           = "2015",
      eprint         = "1507.03134",
      archivePrefix  = "arXiv",
      primaryClass   = "nucl-ex",
      reportNumber   = "CERN-PH-EP-2015-173",
      SLACcitation   = "%%CITATION = ARXIV:1507.03134;%%"
}

@article{NeutralPionSpectra,
      author         = "Abelev, Bezverkhny and others",
      title          = "{Neutral pion production at midrapidity in pp and {Pb--Pb}
                        collisions at $\sqrt{s_\mathrm{NN}}$ = 2.76 {TeV}}",
      collaboration  = "ALICE",
      journal        = "Eur. Phys. J.",
      volume         = "C74",
      year           = "2014",
      number         = "10",
      pages          = "3108",
      doi            = "10.1140/epjc/s10052-014-3108-8",
      eprint         = "1405.3794",
      archivePrefix  = "arXiv",
      primaryClass   = "nucl-ex",
      reportNumber   = "CERN-PH-EP-2014-091",
      SLACcitation   = "%%CITATION = ARXIV:1405.3794;%%"
}
@article{ChargedPionSpectra,
      author         = "Abelev, Bezverkhny and others",
      title          = "{Production of charged pions, kaons and protons at large
                        transverse momenta in pp and {Pb--Pb} collisions at
                         $\sqrt{s_\mathrm{NN}}$ = 2.76 {TeV}}",
      collaboration  = "ALICE",
      journal        = "Phys. Lett.",
      volume         = "B736",
      year           = "2014",
      pages          = "196-207",
      doi            = "10.1016/j.physletb.2014.07.011",
      eprint         = "1401.1250",
      archivePrefix  = "arXiv",
      primaryClass   = "nucl-ex",
      reportNumber   = "CERN-PH-EP-2013-230",
      SLACcitation   = "%%CITATION = ARXIV:1401.1250;%%"
}
@article{Agostinelli2003250,
title = "{Geant 4 simulation toolkit }",
journal = "Nuclear Instruments and Methods in Physics Research Section A: Accelerators, Spectrometers, Detectors and Associated Equipment ",
volume = "506",
number = "3",
pages = "250 - 303",
year = "2003",
note = "",
issn = "0168-9002",
doi = "http://dx.doi.org/10.1016/S0168-9002(03)01368-8",
url = "http://www.sciencedirect.com/science/article/pii/S0168900203013688",
author = "S. Agostinelli and others",
keywords = "Simulation",
keywords = "Particle interactions",
keywords = "Geometrical modelling",
keywords = "Software engineering",
keywords = "Object-oriented technology",
keywords = "Distributed software development ",

}
@article{Lohner:2012ct,
      author         = "Lohner, Daniel",
      title          = "{Measurement of Direct-Photon Elliptic Flow in {Pb--Pb}
                        Collisions at $\sqrt{s_\mathrm{NN}}$ = 2.76 {TeV}}",
      collaboration  = "ALICE",
      journal        = "J.Phys.Conf.Ser.",
      volume         = "446",
      pages          = "012028",
      doi            = "10.1088/1742-6596/446/1/012028",
      year           = "2013",
      eprint         = "1212.3995",
      archivePrefix  = "arXiv",
      primaryClass   = "hep-ex",
      SLACcitation   = "%%CITATION = ARXIV:1212.3995;%%",
}

@article{Glaubermodela,
      author         = "Glauber, R. J. and Matthiae, G.",
      title          = "{High-energy scattering of protons by nuclei}",
      journal        = "Nucl. Phys.",
      volume         = "B21",
      year           = "1970",
      pages          = "135-157",
      doi            = "10.1016/0550-3213(70)90511-0",
      SLACcitation   = "%%CITATION = NUPHA,B21,135;%%"
}


@article{Glaubermodelb,
     author         = "Miller, Michael L. and Reygers, Klaus and Sanders,
                        Stephen J. and Steinberg, Peter",
      title          = "{Glauber modeling in high energy nuclear collisions}",
      journal        = "Ann. Rev. Nucl. Part. Sci.",
      volume         = "57",
      year           = "2007",
      pages          = "205-243",
      doi            = "10.1146/annurev.nucl.57.090506.123020",
      eprint         = "nucl-ex/0701025",
      archivePrefix  = "arXiv",
      primaryClass   = "nucl-ex",
      SLACcitation   = "%%CITATION = NUCL-EX/0701025;%%"
}


@article{centralitypaper,
      author         = "Abelev, Betty and others",
      title          = "{Centrality determination of Pb-Pb collisions at
                        $\sqrt{s_{\rm NN}}$ = 2.76 TeV with ALICE}",
      collaboration  = "ALICE",
      journal        = "Phys. Rev.",
      volume         = "C88",
      year           = "2013",
      number         = "4",
      pages          = "044909",
      doi            = "10.1103/PhysRevC.88.044909",
      eprint         = "1301.4361",
      archivePrefix  = "arXiv",
      primaryClass   = "nucl-ex",
      reportNumber   = "CERN-PH-EP-2012-368",
      SLACcitation   = "%%CITATION = ARXIV:1301.4361;%%"
}

@article{ALICE2012etaOverPi,
  author             = "Abelev, Betty and others",
  title              = "{Neutral pion and $\eta$ meson production in proton-proton collisions at $\sqrt{s}=0.9$ TeV and 7 TeV}",
  collaboration      = "ALICE",
  journal            = "Phys.Lett. B",
  year               = "2012",
  pages              = "162-172",
  volume             = "717",
  doi                = "10.1016/j.physletb.2012.09.015",
  eprint             = "1205.5724",
  archivePrefix      = "arXiv",
  primaryClass       = "nucl-ex"
}

@article{Bossu:2011qe,
	Archiveprefix = {arXiv},
	Author = {Bossu, F. and del Valle, Z. Conesa and de Falco, A. and Gagliardi, M. and Grigoryan, S. and Martinez Garcia, G.},
	Date-Added = {2015-10-01 17:45:56 +0000},
	Date-Modified = {2015-10-01 17:46:08 +0000},
	Eprint = {1103.2394},
	Primaryclass = {nucl-ex},
	Slaccitation = {%%CITATION = ARXIV:1103.2394;%%},
	Title = {{Phenomenological interpolation of the inclusive J/psi cross section to proton-proton collisions at 2.76 TeV and 5.5 TeV}},
	Year = {2011}}
		
@article{Chatrchyan:2012np,
	Archiveprefix = {arXiv},
	Author = {Chatrchyan, Serguei and others},
	Collaboration = {CMS},
	Date-Added = {2015-10-01 17:45:56 +0000},
	Date-Modified = {2015-10-01 17:46:08 +0000},
	Doi = {10.1007/JHEP05(2012)063, 10.1007/JHEP05(2012)063},
	Eprint = {1201.5069},
	Journal = {JHEP},
	Pages = {063},
	Primaryclass = {nucl-ex},
	Reportnumber = {CMS-HIN-10-006, CERN-PH-EP-2011-170},
	Slaccitation = {%%CITATION = ARXIV:1201.5069;%%},
	Title = {{Suppression of non-prompt $J/\psi$, prompt $J/\psi$, and $$\Upsilon$(1S) in Pb--Pb collisions at $\sqrt{s_{\rm NN}}=2.76$ TeV}},
	Volume = {1205},
	Year = {2012},
	Bdsk-Url-1 = {http://dx.doi.org/10.1007/JHEP05(2012)063,%2010.1007/JHEP05(2012)063}}


@article{Aamodt:2008zz,
    author = "Aamodt, K. and others",
    collaboration = "ALICE",
    title = "{The ALICE experiment at the CERN LHC}",
    doi = "10.1088/1748-0221/3/08/S08002",
    journal = "JINST",
    volume = "3",
    pages = "S08002",
    year = "2008"
}

@article{Cacciari:1998it,
	Archiveprefix = {arXiv},
	Author = {Cacciari, Matteo and Greco, Mario and Nason, Paolo},
	Date-Modified = {2016-01-27 15:17:08 +0000},
	Doi = {10.1088/1126-6708/1998/05/007},
	Eprint = {hep-ph/9803400},
	Journal = {JHEP},
	Keywords = {FONLL},
	Pages = {007},
	Primaryclass = {hep-ph},
	Reportnumber = {CERN-TH-98-77, LPTHE-ORSAY-98-11, IFUM-613-FT, LNF-98-008-P},
	Slaccitation = {%%CITATION = HEP-PH/9803400;%%},
	Title = {{The \pt spectrum in heavy flavor hadroproduction}},
	Volume = {05},
	Year = {1998},
	Bdsk-Url-1 = {http://dx.doi.org/10.1088/1126-6708/1998/05/007}}

@article{Aamodt:2011gj,
      author         = "Aamodt, K. and others",
      title          = "{Rapidity and transverse momentum dependence of inclusive
                        J$/\psi$ production in $pp$ collisions at $\sqrt{s} = 7$
                        TeV}",
      collaboration  = "ALICE",
      journal        = "Phys. Lett.",
      volume         = "B704",
      year           = "2011",
      pages          = "442-455",
      doi            = "10.1016/j.physletb.2011.09.054,
                        10.1016/j.physletb.2012.10.060",
      note           = "[Erratum: Phys. Lett.B718,692(2012)]",
      eprint         = "1105.0380",
      archivePrefix  = "arXiv",
      primaryClass   = "hep-ex",
      reportNumber   = "CERN-PH-EP-2011-057",
      SLACcitation   = "%%CITATION = ARXIV:1105.0380;%%"
}

@article{Adam:2016rdg,
      author         = "Adam, Jaroslav and others",
      title          = "{J/$\psi$ suppression at forward rapidity in Pb-Pb
                        collisions at $\mathbf{\sqrt{s_{{\rm NN}}} = 5.02}$ TeV}",
      collaboration  = "ALICE",
      journal        = "Phys. Lett.",
      volume         = "B766",
      year           = "2017",
      pages          = "212-224",
      doi            = "10.1016/j.physletb.2016.12.064",
      eprint         = "1606.08197",
      archivePrefix  = "arXiv",
      primaryClass   = "nucl-ex",
      reportNumber   = "CERN-EP-2016-162",
      SLACcitation   = "%%CITATION = ARXIV:1606.08197;%%"
}

@article{AVERBECK2013159,
title = "Heavy-flavor production in heavy-ion collisions and implications for the properties of hot QCD matter",
journal = "Progress in Particle and Nuclear Physics",
volume = "70",
pages = "159 - 209",
year = "2013",
issn = "0146-6410",
doi = "https://doi.org/10.1016/j.ppnp.2013.01.001",
author = "R. Averbeck",
keywords = "Heavy ion, Charm, Bottom, Quark-gluon plasma"
}



@article{0954-3899-43-9-093002,
      author         = "Prino, Francesco and Rapp, Ralf",
      title          = "{Open Heavy Flavor in QCD Matter and in Nuclear
                        Collisions}",
      journal        = "J. Phys.",
      volume         = "G43",
      year           = "2016",
      number         = "9",
      pages          = "093002",
      doi            = "10.1088/0954-3899/43/9/093002",
      eprint         = "1603.00529",
      archivePrefix  = "arXiv",
      primaryClass   = "nucl-ex",
      SLACcitation   = "%%CITATION = ARXIV:1603.00529;%%"
}


@article{PhysRevLett.88.232303,
      author         = "Kopeliovich, B. Z. and Nemchik, J. and Schafer, A. and
                        Tarasov, A. V.",
      title          = "{Cronin effect in hadron production off nuclei}",
      journal        = "Phys. Rev. Lett.",
      volume         = "88",
      year           = "2002",
      pages          = "232303",
      doi            = "10.1103/PhysRevLett.88.232303",
      eprint         = "hep-ph/0201010",
      archivePrefix  = "arXiv",
      primaryClass   = "hep-ph",
      SLACcitation   = "%%CITATION = HEP-PH/0201010;%%"
}


@article{Adare:2013yxp,
      author         = "Adare, A. and others",
      title          = "{System-size dependence of open-heavy-flavor production
                        in nucleus-nucleus collisions at $\sqrt{s_{_{\rm NN}}}$ = 200
                        GeV}",
      collaboration  = "PHENIX",
      journal        = "Phys. Rev.",
      volume         = "C90",
      year           = "2014",
      number         = "3",
      pages          = "034903",
      doi            = "10.1103/PhysRevC.90.034903",
      eprint         = "1310.8286",
      archivePrefix  = "arXiv",
      primaryClass   = "nucl-ex",
      SLACcitation   = "%%CITATION = ARXIV:1310.8286;%%"
}

@article{ALICE-PUBLIC-2018-011,
	Collaboration = {ALICE},
	Journal = {{\href{https://cds.cern.ch/record/2636623?ln=en}{ALICE-PUBLIC-2018-011}}},
	Title = {{Centrality determination in heavy ion collisions}},
	Year = {2018},
	url = {https://cds.cern.ch/record/2636623}
}

@article{Alice_performance,
      author         = "Abelev, Bezverkhny and others",
      title          = "{Performance of the ALICE Experiment at the CERN LHC}",
      collaboration  = "ALICE",
      journal        = "Int.J.Mod.Phys.",
      volume         = "A29",
      pages          = "1430044",
      doi            = "10.1142/S0217751X14300440",
      year           = "2014",
      eprint         = "1402.4476",
      archivePrefix  = "arXiv",
      primaryClass   = "nucl-ex",
      reportNumber   = "CERN-PH-EP-2014-031",
      SLACcitation   = "%%CITATION = ARXIV:1402.4476;%%",
}

@article{bib::Averbeck,
      author         = "Averbeck, R.",
      title          = "{Heavy-flavor production in heavy-ion collisions and
                        implications for the properties of hot QCD matter}",
      journal        = "Prog. Part. Nucl. Phys.",
      volume         = "70",
      year           = "2013",
      pages          = "159-209",
      doi            = "10.1016/j.ppnp.2013.01.001",
      eprint         = "1505.03828",
      archivePrefix  = "arXiv",
      primaryClass   = "nucl-ex",
      SLACcitation   = "%%CITATION = ARXIV:1505.03828;%%"
}

@article{bib::Braun_Munziger,
      author         = "Braun-Munzinger, P.",
      title          = "{Quarkonium production in ultra-relativistic nuclear
                        collisions: Suppression versus enhancement}",
      booktitle      = "{Proceedings, 19th International Conference on
                        Ultra-Relativistic nucleus-nucleus collisions (Quark
                        Matter 2006): Shanghai, P.R. China, November 14-20, 2006}",
      journal        = "J. Phys.",
      volume         = "G34",
      year           = "2007",
      pages          = "S471-478",
      doi            = "10.1088/0954-3899/34/8/S36",
      eprint         = "nucl-th/0701093",
      archivePrefix  = "arXiv",
      primaryClass   = "NUCL-TH",
      SLACcitation   = "%%CITATION = NUCL-TH/0701093;%%"
}

@article{intro1,
      author         = "Gyulassy, Miklos and Plumer, Michael",
      title          = "{Jet Quenching in Dense Matter}",
      journal        = "Phys. Lett.",
      volume         = "B243",
      year           = "1990",
      pages          = "432-438",
      doi            = "10.1016/0370-2693(90)91409-5",
      reportNumber   = "LBL-28531",
      SLACcitation   = "%%CITATION = PHLTA,B243,432;%%"
}

@article{bib::intro2,
      author         = "Baier, R. and Dokshitzer, Yuri L. and Mueller, Alfred H.
                        and Peigne, S. and Schiff, D.",
      title          = "{Radiative energy loss and $p_{\rm T}$-broadening of high-energy
                        partons in nuclei}",
      journal        = "Nucl. Phys.",
      volume         = "B484",
      year           = "1997",
      pages          = "265-282",
      doi            = "10.1016/S0550-3213(96)00581-0",
      eprint         = "hep-ph/9608322",
      archivePrefix  = "arXiv",
      primaryClass   = "hep-ph",
      reportNumber   = "CU-TP-760, BI-TP-96-26, LPTHE-ORSAY-96-61",
      SLACcitation   = "%%CITATION = HEP-PH/9608322;%%"
}

@article{intro3,
      author         = "Thoma, Markus H. and Gyulassy, Miklos",
      title          = "{Quark Damping and Energy Loss in the High Temperature
                        {QCD}}",
      journal        = "Nucl. Phys.",
      volume         = "B351",
      year           = "1991",
      pages          = "491-506",
      doi            = "10.1016/S0550-3213(05)80031-8",
      reportNumber   = "LBL-29276",
      SLACcitation   = "%%CITATION = NUPHA,B351,491;%%"
}

@article{bib::dead_cone_effect,
      author         = "Dokshitzer, Yuri L. and Kharzeev, D. E.",
      title          = "{Heavy quark colorimetry of QCD matter}",
      journal        = "Phys. Lett.",
      volume         = "B519",
      year           = "2001",
      pages          = "199-206",
      doi            = "10.1016/S0370-2693(01)01130-3",
      eprint         = "hep-ph/0106202",
      archivePrefix  = "arXiv",
      primaryClass   = "hep-ph",
      reportNumber   = "LPT-ORSAY-01-58, BNL-NT-01-9",
      SLACcitation   = "%%CITATION = HEP-PH/0106202;%%"
}

@article{bib::intro_massdep_Eloss1,
      author         = "Armesto, Nestor and Salgado, Carlos A. and Wiedemann, Urs
                        Achim",
      title          = "{Medium induced gluon radiation off massive quarks fills
                        the dead cone}",
      journal        = "Phys. Rev.",
      volume         = "D69",
      year           = "2004",
      pages          = "114003",
      doi            = "10.1103/PhysRevD.69.114003",
      eprint         = "hep-ph/0312106",
      archivePrefix  = "arXiv",
      primaryClass   = "hep-ph",
      reportNumber   = "CERN-TH-2003-301",
      SLACcitation   = "%%CITATION = HEP-PH/0312106;%%"
}

@article{bib::intro_massdep_Eloss2,
      author         = "Djordjevic, Magdalena and Gyulassy, Miklos",
      title          = "{Heavy quark radiative energy loss in QCD matter}",
      journal        = "Nucl. Phys.",
      volume         = "A733",
      year           = "2004",
      pages          = "265-298",
      doi            = "10.1016/j.nuclphysa.2003.12.020",
      eprint         = "nucl-th/0310076",
      archivePrefix  = "arXiv",
      primaryClass   = "nucl-th",
      SLACcitation   = "%%CITATION = NUCL-TH/0310076;%%"
}

@article{Zhang:2003wk,
      author         = "Zhang, Ben-Wei and Wang, Enke and Wang, Xin-Nian",
      title          = "{Heavy quark energy loss in nuclear medium}",
      journal        = "Phys. Rev. Lett.",
      volume         = "93",
      year           = "2004",
      pages          = "072301",
      doi            = "10.1103/PhysRevLett.93.072301",
      eprint         = "nucl-th/0309040",
      archivePrefix  = "arXiv",
      primaryClass   = "nucl-th",
      reportNumber   = "LBNL-53791",
      SLACcitation   = "%%CITATION = NUCL-TH/0309040;%%"
}

@article{bib::intro4,
      author         = "van Hees, Hendrik and Greco, Vincenzo and Rapp, Ralf",
      title          = "{Heavy-quark probes of the quark-gluon plasma at RHIC}",
      journal        = "Phys. Rev.",
      volume         = "C73",
      year           = "2006",
      pages          = "034913",
      doi            = "10.1103/PhysRevC.73.034913",
      eprint         = "nucl-th/0508055",
      archivePrefix  = "arXiv",
      primaryClass   = "nucl-th",
      SLACcitation   = "%%CITATION = NUCL-TH/0508055;%%"
}

@article{Adam:2015nna,
      author         = "Adam, Jaroslav and others",
      title          = "{Centrality dependence of high-p$_{T}$ D meson
                        suppression in Pb-Pb collisions at $
                        \sqrt{s_{\mathrm{N}\mathrm{N}}}=2.76 $ TeV}",
      collaboration  = "ALICE",
      journal        = "JHEP",
      volume         = "11",
      year           = "2015",
      pages          = "205",
      doi            = "10.1007/JHEP11(2015)205, 10.1007/JHEP06(2017)032",
      note           = "[Addendum: JHEP06,032(2017)]",
      eprint         = "1506.06604",
      archivePrefix  = "arXiv",
      primaryClass   = "nucl-ex",
      reportNumber   = "CERN-PH-EP-2015-151",
      SLACcitation   = "%%CITATION = ARXIV:1506.06604;%%"
}

@article{Wang:2017jzn,
      author         = "Wang, Ta-Wei",
      title          = "{B meson nuclear modification factor in Pb--Pb at 5.02
                        TeV with CMS}",
      booktitle      = "{Proceedings, 8th International Conference on Hard and
                        Electromagnetic Probes of High-energy Nuclear Collisions:
                        Hard Probes 2016 (HP2016): Wuhan, Hubei, China, September
                        23-27, 2016}",
      collaboration  = "CMS",
      journal        = "Nucl. Part. Phys. Proc.",
      volume         = "289-290",
      year           = "2017",
      pages          = "229-232",
      doi            = "10.1016/j.nuclphysbps.2017.05.051",
      reportNumber   = "CMS-CR-2016-458",
      SLACcitation   = "%%CITATION = CMS-CR-2016-458;%%"
}

@article{Adam:2015rba,
      author         = "Adam, Jaroslav and others",
      title          = "{Inclusive, prompt and non-prompt J/$\psi$ production at
                        mid-rapidity in Pb-Pb collisions at $\sqrt{s_{\rm NN}}$ =
                        2.76 TeV}",
      collaboration  = "ALICE",
      journal        = "JHEP",
      volume         = "07",
      year           = "2015",
      pages          = "051",
      doi            = "10.1007/JHEP07(2015)051",
      eprint         = "1504.07151",
      archivePrefix  = "arXiv",
      primaryClass   = "nucl-ex",
      reportNumber   = "CERN-PH-EP-2015-092",
      SLACcitation   = "%%CITATION = ARXIV:1504.07151;%%"
}

@article{Glauber:1970jm,
      author         = "Glauber, R. J. and Matthiae, G.",
      title          = "{High-energy scattering of protons by nuclei}",
      journal        = "Nucl. Phys.",
      volume         = "B21",
      year           = "1970",
      pages          = "135-157",
      doi            = "10.1016/0550-3213(70)90511-0",
      SLACcitation   = "%%CITATION = NUPHA,B21,135;%%"
}

@article{Miller:2007ri,
      author         = "Miller, Michael L. and Reygers, Klaus and Sanders,
                        Stephen J. and Steinberg, Peter",
      title          = "{Glauber modeling in high energy nuclear collisions}",
      journal        = "Ann. Rev. Nucl. Part. Sci.",
      volume         = "57",
      year           = "2007",
      pages          = "205-243",
      doi            = "10.1146/annurev.nucl.57.090506.123020",
      eprint         = "nucl-ex/0701025",
      archivePrefix  = "arXiv",
      primaryClass   = "nucl-ex",
      SLACcitation   = "%%CITATION = NUCL-EX/0701025;%%"
}

@article{Abelev:2006db,
      author         = "Abelev, B. I. and others",
      title          = "{Transverse momentum and centrality dependence of
                        high-$p_T$ non-photonic electron suppression in Au+Au
                        collisions at $\sqrt{s_{NN}} = 200$\,GeV}",
      collaboration  = "STAR",
      journal        = "Phys. Rev. Lett.",
      volume         = "98",
      year           = "2007",
      pages          = "192301",
      doi            = "10.1103/PhysRevLett.106.159902,
                        10.1103/PhysRevLett.98.192301",
      note           = "[Erratum: Phys. Rev. Lett.106,159902(2011)]",
      eprint         = "nucl-ex/0607012",
      archivePrefix  = "arXiv",
      primaryClass   = "nucl-ex",
      SLACcitation   = "%%CITATION = NUCL-EX/0607012;%%"
}

@article{Adare:2010de,
      author         = "Adare, A. and others",
      title          = "{Heavy Quark Production in $p+p$ and Energy Loss and Flow
                        of Heavy Quarks in Au+Au Collisions at $\sqrt{s_{NN}}=200$
                        GeV}",
      collaboration  = "PHENIX",
      journal        = "Phys. Rev.",
      volume         = "C84",
      year           = "2011",
      pages          = "044905",
      doi            = "10.1103/PhysRevC.84.044905",
      eprint         = "1005.1627",
      archivePrefix  = "arXiv",
      primaryClass   = "nucl-ex",
      SLACcitation   = "%%CITATION = ARXIV:1005.1627;%%"
}


@article{Acharya:2019mom,
    author = "Acharya, Shreyasi and others",
    collaboration = "ALICE",
    title = "{Measurement of electrons from semileptonic heavy-flavour hadron decays at midrapidity in pp and Pb-Pb collisions at $\sqrt{s_{\rm{NN}}}$ = 5.02 TeV}",
    eprint = "1910.09110",
    archivePrefix = "arXiv",
    primaryClass = "nucl-ex",
    reportNumber = "CERN-EP-2019-205",
    doi = "10.1016/j.physletb.2020.135377",
    journal = "Phys. Lett. B",
    volume = "804",
    pages = "135377",
    year = "2020"
}

@article{Acharya:2018upq,
      author         = "Acharya, Shreyasi and others",
      title          = "{Measurements of low-p$_{T}$ electrons from semileptonic
                        heavy-flavour hadron decays at mid-rapidity in pp and
                        Pb-Pb collisions at $ \sqrt{s_{\mathrm{NN}}}=2.76 $ TeV}",
      collaboration  = "ALICE",
      journal        = "JHEP",
      volume         = "10",
      year           = "2018",
      pages          = "061",
      doi            = "10.1007/JHEP10(2018)061",
      eprint         = "1805.04379",
      archivePrefix  = "arXiv",
      primaryClass   = "nucl-ex",
      reportNumber   = "CERN-EP-2018-095",
      SLACcitation   = "%%CITATION = ARXIV:1805.04379;%%"
}

@article{vanHees:2005wb,
      author         = "van Hees, Hendrik and Greco, Vincenzo and Rapp, Ralf",
      title          = "{Heavy-quark probes of the quark-gluon plasma at RHIC}",
      journal        = "Phys. Rev.",
      volume         = "C73",
      year           = "2006",
      pages          = "034913",
      doi            = "10.1103/PhysRevC.73.034913",
      eprint         = "nucl-th/0508055",
      archivePrefix  = "arXiv",
      primaryClass   = "nucl-th",
      SLACcitation   = "%%CITATION = NUCL-TH/0508055;%%"
}

@article{Greco:2003vf,
      author         = "Greco, V. and Ko, C. M. and Rapp, R.",
      title          = "{Quark coalescence for charmed mesons in
                        ultrarelativistic heavy ion collisions}",
      journal        = "Phys. Lett.",
      volume         = "B595",
      year           = "2004",
      pages          = "202-208",
      doi            = "10.1016/j.physletb.2004.06.064",
      eprint         = "nucl-th/0312100",
      archivePrefix  = "arXiv",
      primaryClass   = "nucl-th",
      SLACcitation   = "%%CITATION = NUCL-TH/0312100;%%"
}

@article{Andronic:2015wma,
      author         = "Andronic, A. and others",
      title          = "{Heavy-flavour and quarkonium production in the LHC era:
                        from proton√¢¬Ä¬ìproton to heavy-ion collisions}",
      journal        = "Eur. Phys. J.",
      volume         = "C76",
      year           = "2016",
      number         = "3",
      pages          = "107",
      doi            = "10.1140/epjc/s10052-015-3819-5",
      eprint         = "1506.03981",
      archivePrefix  = "arXiv",
      primaryClass   = "nucl-ex",
      SLACcitation   = "%%CITATION = ARXIV:1506.03981;%%"
}

@article{Andronic:2003zv,
      author         = "Andronic, A. and Braun-Munzinger, P. and Redlich, K. and
                        Stachel, J.",
      title          = "{Statistical hadronization of charm in heavy ion
                        collisions at SPS, RHIC and LHC}",
      journal        = "Phys. Lett.",
      volume         = "B571",
      year           = "2003",
      pages          = "36-44",
      doi            = "10.1016/j.physletb.2003.07.066",
      eprint         = "nucl-th/0303036",
      archivePrefix  = "arXiv",
      primaryClass   = "nucl-th",
      SLACcitation   = "%%CITATION = NUCL-TH/0303036;%%"
}

@article{Acharya:2018dxy,
      author         = "Acharya, Shreyasi and others",
      title          = "{Azimuthal Anisotropy of Heavy-Flavor Decay Electrons in
                        $p$-Pb Collisions at $ \sqrt{s_{\rm NN}}$ = 5.02 TeV}",
      collaboration  = "ALICE",
      journal        = "Phys. Rev. Lett.",
      volume         = "122",
      year           = "2019",
      number         = "7",
      pages          = "072301",
      doi            = "10.1103/PhysRevLett.122.072301",
      eprint         = "1805.04367",
      archivePrefix  = "arXiv",
      primaryClass   = "nucl-ex",
      reportNumber   = "CERN-EP-2018-119",
      SLACcitation   = "%%CITATION = ARXIV:1805.04367;%%"
}

@article{Alme:2010ke,
      author         = "Alme, J. and Andres, Y. and Appelshauser, H. and Bablok,
                        S. and Bialas, N. and others",
      title          = "{The {ALICE} {TPC}, a large 3-dimensional tracking device
                        with fast readout for ultra-high multiplicity events}",
      collaboration  = "ALICE",
      journal        = "Nucl.Instrum.Meth.",
      volume         = "A622",
      pages          = "316-367",
      doi            = "10.1016/j.nima.2010.04.042",
      year           = "2010",
      eprint         = "1001.1950",
      archivePrefix  = "arXiv",
      primaryClass   = "physics.ins-det",
      SLACcitation   = "%%CITATION = ARXIV:1001.1950;%%",
}

@article{1748-0221-5-03-P03003,
      author         = "Aamodt, K and others",
      title          = "{Alignment of the ALICE Inner Tracking System with
                        cosmic-ray tracks}",
      collaboration  = "ALICE",
      journal        = "JINST",
      volume         = "5",
      year           = "2010",
      pages          = "P03003",
      doi            = "10.1088/1748-0221/5/03/P03003",
      eprint         = "1001.0502",
      archivePrefix  = "arXiv",
      primaryClass   = "physics.ins-det",
      SLACcitation   = "%%CITATION = ARXIV:1001.0502;%%"
}

@article{Abeysekara:2010ze,
      author         = "Abeysekara, U. and others",
      title          = "{ALICE EMCal Physics Performance Report}",
      collaboration  = "ALICE EMCal",
      year           = "2010",
      eprint         = "1008.0413",
      archivePrefix  = "arXiv",
      primaryClass   = "physics.ins-det",
      SLACcitation   = "%%CITATION = ARXIV:1008.0413;%%"
}

@article{vZero,
      author         = "Abbas, E. and others",
      title          = "{Performance of the ALICE VZERO system}",
      collaboration  = "ALICE",
      journal        = "JINST",
      volume         = "8",
      year           = "2013",
      pages          = "P10016",
      doi            = "10.1088/1748-0221/8/10/P10016",
      eprint         = "1306.3130",
      archivePrefix  = "arXiv",
      primaryClass   = "nucl-ex",
      reportNumber   = "CERN-PH-EP-2013-082",
      SLACcitation   = "%%CITATION = ARXIV:1306.3130;%%"
}

@article {BetheBloch,
author = {Bethe, H.},
title = "{Zur Theorie des Durchgangs schneller Korpuskularstrahlen durch Materie}",
journal = {Annalen der Physik},
volume = {397},
number = {3},
publisher = {WILEY-VCH Verlag},
issn = {1521-3889},
url = {http://dx.doi.org/10.1002/andp.19303970303},
doi = {10.1002/andp.19303970303},
pages = {325--400},
year = {1930},
}

@article{Barate:1997if,
    author = "Barate, R. and others",
    collaboration = "ALEPH",
    title = "{Measurement of the B baryon lifetime and branching fractions in $Z$ decays}",
    reportNumber = "CERN-PPE-97-111, FSU-SCRI-98-58",
    doi = "10.1007/s100520050133",
    journal = "Eur. Phys. J. C",
    volume = "2",
    pages = "197--211",
    year = "1998"
}

@article{Buskulic:1996sm,
    author = "Buskulic, D. and others",
    collaboration = "ALEPH",
    title = "{Strange b baryon production and lifetime in Z decays}",
    reportNumber = "CERN-PPE-96-081, CERN-PPE-96-81",
    doi = "10.1016/0370-2693(96)00925-2",
    journal = "Phys. Lett. B",
    volume = "384",
    pages = "449--460",
    year = "1996"
}

@article{Chatrchyan:2012xg,
    author = "Chatrchyan, Serguei and others",
    collaboration = "CMS",
    title = "{Measurement of the $\Lambda_{\rm b}$ cross section and the ${\overline{\Lambda}_{\rm b}}$ to $\Lambda_{\rm b}$ ratio with J/$\psi \Lambda$ decays in $pp$ collisions at $\sqrt{s}=7$ TeV}",
    eprint = "1205.0594",
    archivePrefix = "arXiv",
    primaryClass = "hep-ex",
    reportNumber = "CMS-BPH-11-007, CERN-PH-EP-2012-124",
    doi = "10.1016/j.physletb.2012.05.063",
    journal = "Phys. Lett. B",
    volume = "714",
    pages = "136--157",
    year = "2012"
}

@article{Adam:2015qda,
      author         = "Adam, Jaroslav and others",
      title          = "{Measurement of electrons from heavy-flavour hadron
                        decays in p-Pb collisions at $\sqrt{s_{\rm NN}} =$ 5.02
                        TeV}",
      collaboration  = "ALICE",
      journal        = "Phys. Lett.",
      volume         = "B754",
      year           = "2016",
      pages          = "81-93",
      doi            = "10.1016/j.physletb.2015.12.067",
      eprint         = "1509.07491",
      archivePrefix  = "arXiv",
      primaryClass   = "nucl-ex",
      reportNumber   = "CERN-PH-EP-2015-262",
      SLACcitation   = "%%CITATION = ARXIV:1509.07491;%%"
}

@article{Abelev:2014gla,
      author         = "Abelev, Bezverkhny and others",
      title          = "{Measurement of electrons from semileptonic heavy-flavor
                        hadron decays in $pp$ collisions at $\sqrt{s} = 2.76$
                        TeV}",
      collaboration  = "ALICE",
      journal        = "Phys. Rev.",
      volume         = "D91",
      year           = "2015",
      number         = "1",
      pages          = "012001",
      doi            = "10.1103/PhysRevD.91.012001",
      eprint         = "1405.4117",
      archivePrefix  = "arXiv",
      primaryClass   = "nucl-ex",
      reportNumber   = "CERN-PH-EP-2014-097",
      SLACcitation   = "%%CITATION = ARXIV:1405.4117;%%"
}

@article{TheATLAScollaboration,
      author         = "Aaboud, Morad and others",
      title          = "{Measurement of the suppression and azimuthal anisotropy
                        of muons from heavy-flavor decays in Pb+Pb collisions at
                        $\sqrt{s_{\mathrm{NN}}} = 2.76$ TeV with the ATLAS
                        detector}",
      collaboration  = "ATLAS",
      journal        = "Phys. Rev.",
      volume         = "C98",
      year           = "2018",
      number         = "4",
      pages          = "044905",
      doi            = "10.1103/PhysRevC.98.044905",
      eprint         = "1805.05220",
      archivePrefix  = "arXiv",
      primaryClass   = "nucl-ex",
      reportNumber   = "CERN-EP-2018-072",
      SLACcitation   = "%%CITATION = ARXIV:1805.05220;%%"
}

@article{Abelev:2012xe,
      author         = "Abelev, Betty and others",
      title          = "{Measurement of electrons from semileptonic heavy-flavour
                        hadron decays in pp collisions at $\sqrt{s}$ = 7 TeV}",
      collaboration  = "ALICE",
      journal        = "Phys. Rev.",
      volume         = "D86",
      year           = "2012",
      pages          = "112007",
      doi            = "10.1103/PhysRevD.86.112007",
      eprint         = "1205.5423",
      archivePrefix  = "arXiv",
      primaryClass   = "hep-ex",
      reportNumber   = "CERN-PH-EP-2012-131",
      SLACcitation   = "%%CITATION = ARXIV:1205.5423;%%"
}

@article{Sjostrand:2006za,
      author         = "Sjostrand, Torbjorn and Mrenna, Stephen and Skands, Peter
                        Z.",
      title          = "{PYTHIA 6.4 Physics and Manual}",
      journal        = "JHEP",
      volume         = "05",
      year           = "2006",
      pages          = "026",
      doi            = "10.1088/1126-6708/2006/05/026",
      eprint         = "hep-ph/0603175",
      archivePrefix  = "arXiv",
      primaryClass   = "hep-ph",
      reportNumber   = "FERMILAB-PUB-06-052-CD-T, LU-TP-06-13",
      SLACcitation   = "%%CITATION = HEP-PH/0603175;%%"
}

@article{Khandai:2011cf,
      author         = "Khandai, P. K. and Shukla, P. and Singh, V.",
      title          = "{Meson spectra and $m_T$ scaling in $p + p$, $d + $Au,
                        and Au + Au collisions at $\sqrt{s_{NN}}=200$ GeV}",
      journal        = "Phys. Rev.",
      volume         = "C84",
      year           = "2011",
      pages          = "054904",
      doi            = "10.1103/PhysRevC.84.054904",
      eprint         = "1110.3929",
      archivePrefix  = "arXiv",
      primaryClass   = "hep-ph",
      SLACcitation   = "%%CITATION = ARXIV:1110.3929;%%"
}

@article{Oleari:2010nx,
      author         = "Oleari, Carlo",
      title          = "{The POWHEG-BOX}",
      booktitle      = "{Proceedings,  10th DESY Workshop on Elementary Particle
                        Theory: Loops and Legs in Quantum Field Theory: Woerlitz,
                        Germany, April 25-30, 2010}",
      journal        = "Nucl. Phys. Proc. Suppl.",
      volume         = "205-206",
      year           = "2010",
      pages          = "36-41",
      doi            = "10.1016/j.nuclphysbps.2010.08.016",
      eprint         = "1007.3893",
      archivePrefix  = "arXiv",
      primaryClass   = "hep-ph",
      SLACcitation   = "%%CITATION = ARXIV:1007.3893;%%"
}

@article{Gyulassy:2000er,
      author         = "Gyulassy, M. and Levai, P. and Vitev, I.",
      title          = "{Reaction operator approach to nonAbelian energy loss}",
      journal        = "Nucl. Phys.",
      volume         = "B594",
      year           = "2001",
      pages          = "371-419",
      doi            = "10.1016/S0550-3213(00)00652-0",
      eprint         = "nucl-th/0006010",
      archivePrefix  = "arXiv",
      primaryClass   = "nucl-th",
      reportNumber   = "CU-TP-979",
      SLACcitation   = "%%CITATION = NUCL-TH/0006010;%%"
}

@article{Xu:2015bbz,
      author         = "Xu, Jiechen and Liao, Jinfeng and Gyulassy, Miklos",
      title          = "{Bridging Soft-Hard Transport Properties of Quark-Gluon
                        Plasmas with CUJET3.0}",
      journal        = "JHEP",
      volume         = "02",
      year           = "2016",
      pages          = "169",
      doi            = "10.1007/JHEP02(2016)169",
      eprint         = "1508.00552",
      archivePrefix  = "arXiv",
      primaryClass   = "hep-ph",
      SLACcitation   = "%%CITATION = ARXIV:1508.00552;%%"
}

@article{Uphoff:2014hza,
      author         = "Uphoff, Jan and Fochler, Oliver and Xu, Zhe and Greiner,
                        Carsten",
      title          = "{Elastic and radiative heavy quark interactions in
                        ultra-relativistic heavy-ion collisions}",
      journal        = "J. Phys.",
      volume         = "G42",
      year           = "2015",
      number         = "11",
      pages          = "115106",
      doi            = "10.1088/0954-3899/42/11/115106",
      eprint         = "1408.2964",
      archivePrefix  = "arXiv",
      primaryClass   = "hep-ph",
      SLACcitation   = "%%CITATION = ARXIV:1408.2964;%%"
}

@article{Song:2015ykw,
      author         = "Song, Taesoo and Berrehrah, Hamza and Cabrera, Daniel and
                        Cassing, Wolfgang and Bratkovskaya, Elena",
      title          = "{Charm production in Pb + Pb collisions at energies
                        available at the CERN Large Hadron Collider}",
      journal        = "Phys. Rev.",
      volume         = "C93",
      year           = "2016",
      number         = "3",
      pages          = "034906",
      doi            = "10.1103/PhysRevC.93.034906",
      eprint         = "1512.00891",
      archivePrefix  = "arXiv",
      primaryClass   = "nucl-th",
      SLACcitation   = "%%CITATION = ARXIV:1512.00891;%%"
}

@article{Djordjevic:2015hra,
      author         = "Djordjevic, Magdalena and Djordjevic, Marko",
      title          = "{Predictions of heavy-flavor suppression at 5.1 TeV
                        Pb√¢¬Ä¬â+√¢¬Ä¬âPb collisions at the CERN Large Hadron Collider}",
      journal        = "Phys. Rev.",
      volume         = "C92",
      year           = "2015",
      number         = "2",
      pages          = "024918",
      doi            = "10.1103/PhysRevC.92.024918",
      eprint         = "1505.04316",
      archivePrefix  = "arXiv",
      primaryClass   = "nucl-th",
      SLACcitation   = "%%CITATION = ARXIV:1505.04316;%%"
}

@article{ALICE-PUBLIC-2018-005,
      title         = "{Preliminary Physics Summary: Measurements of low-$p_{\rm
                       T}$ electrons from semileptonic heavy-flavour hadron decays
                       at mid-rapidity in pp collisions at $\sqrt{s}= 7$ TeV}",
      collaboration = "ALICE",
      month         = "May",
      year          = "2018",
      Journal = {{\href{https://cds.cern.ch/record/2317185}{ALICE-PUBLIC-2018-005}}},
      reportNumber  = "ALICE-PUBLIC-2018-005"
}


@article{Acharya:2019kyh,
    author = "Acharya, Shreyasi and others",
    collaboration = "ALICE",
    title = "{Multiplicity dependence of (multi-)strange hadron production in proton-proton collisions at $\sqrt{s}$ = 13 TeV}",
    eprint = "1908.01861",
    archivePrefix = "arXiv",
    primaryClass = "nucl-ex",
    reportNumber = "CERN-EP-2019-168",
    doi = "10.1140/epjc/s10052-020-7673-8",
    journal = "Eur. Phys. J. C",
    volume = "80",
    number = "2",
    pages = "167",
    year = "2020"
}

@article{ALICE-PUBLIC-2018-014,
      title         = "{ALICE 2017 luminosity determination for pp collisions at
                       $\sqrt{s}$ = 5 TeV}",
      collaboration = "ALICE",
      month         = "Nov",
      year          = "2018",
      reportNumber  = "ALICE-PUBLIC-2018-014",
      url           = "http://cds.cern.ch/record/2648933",
}

@article{PhysRevD.11.3105,
  title = {Production of hadrons at large transverse momentum at 200, 300, and 400 GeV},
  author = {Cronin, J. W. and Frisch, H. J. and Shochet, M. J. and Boymond, J. P. and Pirou\'e, P. A. and Sumner, R. L.},
  journal = {Phys. Rev. },
  volume = {D11},
  issue = {11},
  pages = {3105--3123},
  numpages = {0},
  year = {1975},
  month = {Jun},
  publisher = {American Physical Society},
  doi = {10.1103/PhysRevD.11.3105},
  url = {https://link.aps.org/doi/10.1103/PhysRevD.11.3105}
}

@article{Aad:2014qxa,
      author         = "Aad, Georges and others",
      title          = "{Measurements of the W production cross sections in
                        association with jets with the ATLAS detector}",
      collaboration  = "ATLAS",
      journal        = "Eur. Phys. J.",
      volume         = "C75",
      year           = "2015",
      number         = "2",
      pages          = "82",
      doi            = "10.1140/epjc/s10052-015-3262-7",
      eprint         = "1409.8639",
      archivePrefix  = "arXiv",
      primaryClass   = "hep-ex",
      reportNumber   = "CERN-PH-EP-2014-199",
      SLACcitation   = "%%CITATION = ARXIV:1409.8639;%%"
}

@article{Aad:2014qja,
      author         = "Aad, Georges and others",
      title          = "{Measurement of the low-mass Drell-Yan differential cross
                        section at $\sqrt{s}$ = 7 TeV using the ATLAS detector}",
      collaboration  = "ATLAS",
      journal        = "JHEP",
      volume         = "06",
      year           = "2014",
      pages          = "112",
      doi            = "10.1007/JHEP06(2014)112",
      eprint         = "1404.1212",
      archivePrefix  = "arXiv",
      primaryClass   = "hep-ex",
      reportNumber   = "CERN-PH-EP-2014-020",
      SLACcitation   = "%%CITATION = ARXIV:1404.1212;%%"
}

@article{Aad:2011rr,
      author         = "Aad, Georges and others",
      title          = "{Measurements of the electron and muon inclusive
                        cross-sections in proton-proton collisions at $\sqrt{s}=7$
                        TeV with the ATLAS detector}",
      collaboration  = "ATLAS",
      journal        = "Phys. Lett.",
      volume         = "B707",
      year           = "2012",
      pages          = "438-458",
      doi            = "10.1016/j.physletb.2011.12.054",
      eprint         = "1109.0525",
      archivePrefix  = "arXiv",
      primaryClass   = "hep-ex",
      reportNumber   = "CERN-PH-EP-2011-108",
      SLACcitation   = "%%CITATION = ARXIV:1109.0525;%%"
}

@article{Averbeck:2011ga,
      author         = "Averbeck, R. and Bastid, N. and del Valle, Z. Conesa and
                        Crochet, P. and Dainese, A. and Zhang, X.",
      title          = "{Reference Heavy Flavour Cross Sections in pp collisions
                        at $\sqrt{\mathrm{s}}$ = 2.76 TeV, using a pQCD-Driven  $\sqrt{\mathrm{s}}$-Scaling
                        of ALICE Measurements at $\sqrt{\mathrm{s}}$ = 7 TeV}",
      year           = "2011",
      eprint         = "1107.3243",
      archivePrefix  = "arXiv",
      primaryClass   = "hep-ph",
      SLACcitation   = "%%CITATION = ARXIV:1107.3243;%%"
}

@article{Prino:2016cni,
      author         = "Prino, Francesco and Rapp, Ralf",
      title          = "{Open Heavy Flavor in QCD Matter and in Nuclear
                        Collisions}",
      journal        = "J. Phys.",
      volume         = "G43",
      year           = "2016",
      number         = "9",
      pages          = "093002",
      doi            = "10.1088/0954-3899/43/9/093002",
      eprint         = "1603.00529",
      archivePrefix  = "arXiv",
      primaryClass   = "nucl-ex",
      SLACcitation   = "%%CITATION = ARXIV:1603.00529;%%"
}

@article{Beraudo:2014boa,
      author         = "Beraudo, A. and De Pace, A. and Monteno, M. and Nardi, M.
                        and Prino, F.",
      title          = "{Heavy flavors in heavy-ion collisions: quenching, flow
                        and correlations}",
      journal        = "Eur. Phys. J.",
      volume         = "C75",
      year           = "2015",
      number         = "3",
      pages          = "121",
      doi            = "10.1140/epjc/s10052-015-3336-6",
      eprint         = "1410.6082",
      archivePrefix  = "arXiv",
      primaryClass   = "hep-ph",
      SLACcitation   = "%%CITATION = ARXIV:1410.6082;%%"
}

@article{Collins:1985gm,
    author = "Collins, John C. and Soper, Davison E. and Sterman, George F.",
    title = "{Heavy Particle Production in High-Energy Hadron Collisions}",
    reportNumber = "OITS-292, ANL-HEP-CP-85-68",
    doi = "10.1016/0550-3213(86)90026-X",
    journal = "Nucl. Phys. B",
    volume = "263",
    pages = "37",
    year = "1986"
}

@article{Helenius:2018uul,
    author = "Helenius, Ilkka and Paukkunen, Hannu",
    title = "{Revisiting the D-meson hadroproduction in general-mass variable flavour number scheme}",
    eprint = "1804.03557",
    archivePrefix = "arXiv",
    primaryClass = "hep-ph",
    doi = "10.1007/JHEP05(2018)196",
    journal = "JHEP",
    volume = "05",
    pages = "196",
    year = "2018"
}

@article{Maciula:2018iuh,
    author = "Maciu{\l}a, Rafa{\l} and Szczurek, Antoni",
    title = "{Production of $\Lambda_c$ baryons at the LHC within the $k_T$-factorization approach and independent parton fragmentation picture}",
    eprint = "1803.05807",
    archivePrefix = "arXiv",
    primaryClass = "hep-ph",
    doi = "10.1103/PhysRevD.98.014016",
    journal = "Phys. Rev. D",
    volume = "98",
    number = "1",
    pages = "014016",
    year = "2018"
}

@article{Briceno:2012wt,
    author = "Briceno, Raul A. and Lin, Huey-Wen and Bolton, Daniel R.",
    title = "{Charmed-Baryon Spectroscopy from Lattice QCD with N\_f=2+1+1 Flavors}",
    eprint = "1207.3536",
    archivePrefix = "arXiv",
    primaryClass = "hep-lat",
    reportNumber = "NT-UW-12-12, NT@UW-12-12",
    doi = "10.1103/PhysRevD.86.094504",
    journal = "Phys. Rev. D",
    volume = "86",
    pages = "094504",
    year = "2012"
}

@article{Mondal:2017nhw,
    author = "Mondal, Sourav and Padmanath, M. and Mathur, Nilmani",
    editor = "Della Morte, M. and Fritzsch, P. and G√°miz S√°nchez, E. and Pena Ruano, C.",
    title = "{Spectroscopy of Charmed and Bottom Hadrons using Lattice QCD}",
    eprint = "1712.08446",
    archivePrefix = "arXiv",
    primaryClass = "hep-lat",
    reportNumber = "TIFR-TH-17-40",
    doi = "10.1051/epjconf/201817505021",
    journal = "EPJ Web Conf.",
    volume = "175",
    pages = "05021",
    year = "2018"
}

@article{Ebert:2011kk,
    author = "Ebert, D. and Faustov, R.N. and Galkin, V.O.",
    title = "{Spectroscopy and Regge trajectories of heavy baryons in the relativistic quark-diquark picture}",
    eprint = "1105.0583",
    archivePrefix = "arXiv",
    primaryClass = "hep-ph",
    reportNumber = "HU-EP-11-21",
    doi = "10.1103/PhysRevD.84.014025",
    journal = "Phys. Rev. D",
    volume = "84",
    pages = "014025",
    year = "2011"
}

@article{Skands:2014pea,
    author = "Skands, Peter and Carrazza, Stefano and Rojo, Juan",
    title = "{Tuning PYTHIA 8.1: the Monash 2013 Tune}",
    eprint = "1404.5630",
    archivePrefix = "arXiv",
    primaryClass = "hep-ph",
    reportNumber = "CERN-PH-TH-2014-069, MCNET-14-08, OUTP-14-05P",
    doi = "10.1140/epjc/s10052-014-3024-y",
    journal = "Eur. Phys. J. C",
    volume = "74",
    number = "8",
    pages = "3024",
    year = "2014"
}

@article{Andronic:2007zu,
    author = "Andronic, A. and Braun-Munzinger, P. and Redlich, K. and Stachel, J.",
    title = "{Charmonium and open charm production in nuclear collisions at SPS/FAIR energies and the possible influence of a hot hadronic medium}",
    eprint = "0708.1488",
    archivePrefix = "arXiv",
    primaryClass = "nucl-th",
    doi = "10.1016/j.physletb.2007.10.064",
    journal = "Phys. Lett. B",
    volume = "659",
    pages = "149--155",
    year = "2008"
}

@article{Bahr:2008pv,
    author = "Bahr, M. and others",
    title = "{Herwig++ Physics and Manual}",
    eprint = "0803.0883",
    archivePrefix = "arXiv",
    primaryClass = "hep-ph",
    reportNumber = "CERN-PH-TH-2008-038, CAVENDISH-HEP-08-03, KA-TP-05-2008, DCPT-08-22, IPPP-08-11, CP3-08-05",
    doi = "10.1140/epjc/s10052-008-0798-9",
    journal = "Eur. Phys. J. C",
    volume = "58",
    pages = "639--707",
    year = "2008"
}

@article{Bierlich:2015rha,
    author = "Bierlich, Christian and Christiansen, Jesper Roy",
    title = "{Effects of color reconnection on hadron flavor observables}",
    eprint = "1507.02091",
    archivePrefix = "arXiv",
    primaryClass = "hep-ph",
    reportNumber = "LU-TP-15-26, MCNET-15-16",
    doi = "10.1103/PhysRevD.92.094010",
    journal = "Phys. Rev. D",
    volume = "92",
    number = "9",
    pages = "094010",
    year = "2015"
}

@article{Christiansen:2015yqa,
    author = "Christiansen, Jesper R. and Skands, Peter Z.",
    title = "{String Formation Beyond Leading Colour}",
    eprint = "1505.01681",
    archivePrefix = "arXiv",
    primaryClass = "hep-ph",
    reportNumber = "COEPP-MN-15-1, LU-TP-15-16, MCNET-15-09",
    doi = "10.1007/JHEP08(2015)003",
    journal = "JHEP",
    volume = "08",
    pages = "003",
    year = "2015"
}


@article{Andronic:2019wva,
    author = "Andronic, Anton and Braun-Munzinger, Peter and K√∂hler, Markus K. and Redlich, Krzysztof and Stachel, Johanna",
    title = "{Transverse momentum distributions of charmonium states with the statistical hadronization model}",
    eprint = "1901.09200",
    archivePrefix = "arXiv",
    primaryClass = "nucl-th",
    doi = "10.1016/j.physletb.2019.134836",
    journal = "Phys. Lett. B",
    volume = "797",
    pages = "134836",
    year = "2019"
}


@article{Cho:2019lxb,
    author = "Cho, Sungtae and Sun, Kai-Jia and Ko, Che Ming and Lee, Su Houng and Oh, Yongseok",
    title = "{Charmed hadron production in an improved quark coalescence model}",
    eprint = "1905.09774",
    archivePrefix = "arXiv",
    primaryClass = "nucl-th",
    doi = "10.1103/PhysRevC.101.024909",
    journal = "Phys. Rev. C",
    volume = "101",
    number = "2",
    pages = "024909",
    year = "2020"
}

@article{He:2019vgs,
    author = "He, Min and Rapp, Ralf",
    title = "{Hadronization and Charm-Hadron Ratios in Heavy-Ion Collisions}",
    eprint = "1905.09216",
    archivePrefix = "arXiv",
    primaryClass = "nucl-th",
    doi = "10.1103/PhysRevLett.124.042301",
    journal = "Phys. Rev. Lett.",
    volume = "124",
    number = "4",
    pages = "042301",
    year = "2020"
}


@article{Andersson:2001yu,
    author = "Andersson, Bo and Mohanty, Sandipan and Soderberg, Fredrik",
    title = "{The Lund fragmentation process for a multigluon string according to the area law}",
    eprint = "hep-ph/0106185",
    archivePrefix = "arXiv",
    reportNumber = "LU-TP-01-22",
    doi = "10.1007/s100520100757",
    journal = "Eur. Phys. J. C",
    volume = "21",
    pages = "631--647",
    year = "2001"
}

@article{Plumari:2017ntm,
    author = "Plumari, Salvatore and Minissale, Vincenzo and Das, Santosh K. and Coci, G. and Greco, V.",
    title = "{Charmed Hadrons from Coalescence plus Fragmentation in relativistic nucleus-nucleus collisions at RHIC and LHC}",
    eprint = "1712.00730",
    archivePrefix = "arXiv",
    primaryClass = "hep-ph",
    doi = "10.1140/epjc/s10052-018-5828-7",
    journal = "Eur. Phys. J. C",
    volume = "78",
    number = "4",
    pages = "348",
    year = "2018"
}

@article{Song:2018tpv,
    author = "Song, Jun and Li, Hai-hong and Shao, Feng-lan",
    title = "{New feature of low \pt charm quark hadronization in pp collisions at $\sqrt{s}=7$ TeV}",
    eprint = "1801.09402",
    archivePrefix = "arXiv",
    primaryClass = "hep-ph",
    doi = "10.1140/epjc/s10052-018-5817-x",
    journal = "Eur. Phys. J. C",
    volume = "78",
    number = "4",
    pages = "344",
    year = "2018"
}

@article{Acharya:2019lkw,
    author = "Acharya, Shreyasi and others",
    collaboration = "ALICE",
    title = "{Inclusive J/$\psi$ production at mid-rapidity in pp collisions at $ \sqrt{s} $ = 5.02 TeV}",
    eprint = "1905.07211",
    archivePrefix = "arXiv",
    primaryClass = "nucl-ex",
    reportNumber = "CERN-EP-2019-101",
    doi = "10.1007/JHEP10(2019)084",
    journal = "JHEP",
    volume = "10",
    pages = "084",
    year = "2019"
}

@article{BraunMunzinger:2000px,
    author = "Braun-Munzinger, P. and Stachel, J.",
    title = "{(Non)thermal aspects of charmonium production and a new look at J / psi suppression}",
    eprint = "nucl-th/0007059",
    archivePrefix = "arXiv",
    doi = "10.1016/S0370-2693(00)00991-6",
    journal = "Phys. Lett. B",
    volume = "490",
    pages = "196--202",
    year = "2000"
}

@article{Andronic:2017pug,
    author = "Andronic, Anton and Braun-Munzinger, Peter and Redlich, Krzysztof and Stachel, Johanna",
    title = "{Decoding the phase structure of QCD via particle production at high energy}",
    eprint = "1710.09425",
    archivePrefix = "arXiv",
    primaryClass = "nucl-th",
    doi = "10.1038/s41586-018-0491-6",
    journal = "Nature",
    volume = "561",
    number = "7723",
    pages = "321--330",
    year = "2018"
    }

@article{Andronic:2006ky,
    author = "Andronic, A. and Braun-Munzinger, P. and Redlich, K. and Stachel, J.",
    title = "{Statistical hadronization of heavy quarks in ultra-relativistic nucleus-nucleus collisions}",
    eprint = "nucl-th/0611023",
    archivePrefix = "arXiv",
    doi = "10.1016/j.nuclphysa.2007.02.013",
    journal = "Nucl. Phys. A",
    volume = "789",
    pages = "334--356",
    year = "2007"
}

@article{He:2019tik,
    author = "He, Min and Rapp, Ralf",
    title = "{Charm-Baryon Production in Proton-Proton Collisions}",
    eprint = "1902.08889",
    archivePrefix = "arXiv",
    primaryClass = "nucl-th",
    doi = "10.1016/j.physletb.2019.06.004",
    journal = "Phys. Lett. B",
    volume = "795",
    pages = "117--121",
    year = "2019"
}

@article{Kramer:2017gct,
    author = "Kramer, G. and Spiesberger, H.",
    title = "{Study of heavy meson production in p--Pb collisions at $\sqrt{s_{\rm NN}}$ = 5.02 TeV in the general-mass variable-flavour-number scheme}",
    eprint = "1703.04754",
    archivePrefix = "arXiv",
    primaryClass = "hep-ph",
    reportNumber = "DESY-17-040, MITP-17-016",
    doi = "10.1016/j.nuclphysb.2017.10.016",
    journal = "Nucl. Phys. B",
    volume = "925",
    pages = "415--430",
    year = "2017"
}

@article{Kniehl:2020szu,
    author = "Kniehl, B.A. and Kramer, G. and Schienbein, I. and Spiesberger, H.",
    title = "{$\Lambda_c^{\pm}$ production in $pp$ collisions with a new fragmentation function}",
    eprint = "2004.04213",
    archivePrefix = "arXiv",
    primaryClass = "hep-ph",
    reportNumber = "DESY-20-058, DESY 20-058, MITP/20-015",
    doi = "10.1103/PhysRevD.101.114021",
    journal = "Phys. Rev. D",
    volume = "101",
    number = "11",
    pages = "114021",
    year = "2020"
}


@book{Brun:1082634,
      author        = "Brun, Ren√É¬© and Bruyant, F and Carminati, Federico and
                       Giani, Simone and Maire, M and McPherson, A and Patrick, G
                       and Urban, L",
      title         = "{GEANT: Detector Description and Simulation Tool; Oct
                       1994}",
      publisher     = "CERN",
      address       = "Geneva",
      series        = "CERN Program Library",
      year          = "1993",
      url           = "https://cds.cern.ch/record/1082634",
      note          = "Long Writeup W5013",
}

@article{KalmanFilter,
      author={I. Kisel and I. Kulakov and M. Zyzak},
      journal={IEEE Transactions on Nuclear Science},
      title="{Standalone first level event selection package for the CBM experiment}",
      year={2013},
      volume={60},
      number={5},
      pages={3703-3708},
      doi={10.1109/TNS.2013.2265276},
      ISSN={0018-9499},
      month={Oct}
}

@book{relativevar,
      author        = "Massimiliano Bonamente",
      title         = "{Statistics and Analysis of Scientific Data}",
      publisher     = "Springer-Verlag New York",
      series        = "Graduate Texts in Physics",
      year          = "2013",
      issn = "1868-4513",
      doi            = "https://doi.org/10.1007/978-1-4614-7984-0",
      url = "https://www.springer.com/gp/book/9781489994806"
      }


@article{Loizides:2017ack,
      author         = "Loizides, Constantin and Kamin, Jason and d'Enterria,
                        David",
      title          = "{Improved Monte Carlo Glauber predictions at present and
                        future nuclear colliders}",
      journal        = "Phys. Rev.",
      volume         = "C97",
      year           = "2018",
      number         = "5",
      pages          = "054910",
      doi            = "10.1103/PhysRevC.97.054910, 10.1103/PhysRevC.99.019901",
      note           = "[erratum: Phys. Rev.C99,no.1,019901(2019)]",
      eprint         = "1710.07098",
      archivePrefix  = "arXiv",
      primaryClass   = "nucl-ex",
      SLACcitation   = "%%CITATION = ARXIV:1710.07098;%%"
}

@article{Altenkamper:2017qot,
      author         = "Altenk√É¬§mper, Lucas and Bock, Friederike and Loizides,
                        Constantin and Schmidt, Nicolas",
      title          = "{Applicability of transverse mass scaling in hadronic
                        collisions at energies available at the CERN Large Hadron
                        Collider}",
      journal        = "Phys. Rev.",
      volume         = "C96",
      year           = "2017",
      number         = "6",
      pages          = "064907",
      doi            = "10.1103/PhysRevC.96.064907",
      eprint         = "1710.01933",
      archivePrefix  = "arXiv",
      primaryClass   = "hep-ph",
      SLACcitation   = "%%CITATION = ARXIV:1710.01933;%%"
}


@article{Sirunyan:2018toe,
      author         = "Sirunyan, A. M. and others",
      title          = "{Elliptic flow of charm and strange hadrons in
                        high-multiplicity pPb collisions at
                        $\sqrt{s_{_\mathrm{NN}}} =$ 8.16 TeV}",
      collaboration  = "CMS",
      journal        = "Phys. Rev. Lett.",
      volume         = "121",
      year           = "2018",
      number         = "8",
      pages          = "082301",
      doi            = "10.1103/PhysRevLett.121.082301",
      eprint         = "1804.09767",
      archivePrefix  = "arXiv",
      primaryClass   = "hep-ex",
      reportNumber   = "CMS-HIN-17-003, CERN-EP-2018-076",
      SLACcitation   = "%%CITATION = ARXIV:1804.09767;%%"
}

@article{Zyla:2020zbs,
    author = "Zyla, P.A. and others",
    collaboration = "Particle Data Group",
    title = "{Review of Particle Physics}",
    doi = "10.1093/ptep/ptaa104",
    journal = "PTEP",
    volume = "2020",
    number = "8",
    pages = "083C01",
    year = "2020"
}

@article{Li:2019atu,
    author = "Li, Y.B. and others",
    collaboration = "Belle",
    title = "{First measurements of absolute branching fractions of the $\rm \Xi_c^+$ baryon at Belle}",
    reportNumber = "KEK Preprint \# 2019-3; Belle Preprint \# 2019-05, KEK-Preprint-2019-3, Belle-Preprint-2019-05",
    doi = "10.1103/PhysRevD.100.031101",
    journal = "Phys. Rev. D",
    volume = "100",
    pages = "031101",
    year = "2019"
}

@article{ARNEODO1994301,
title = {Nuclear effects in structure functions},
journal = {Physics Reports},
volume = {240},
number = {5},
pages = {301-393},
year = {1994},
issn = {0370-1573},
doi = {https://doi.org/10.1016/0370-1573(94)90048-5},
url = {https://www.sciencedirect.com/science/article/pii/0370157394900485},
author = {Michele Arneodo},
abstract = {A review of the experimental and theoretical results in the field of nuclear effects in deep inelastic scattering is presented.}
}

@article{Frixione2007,
	doi = {10.1088/1126-6708/2007/09/126},
	url = {https://doi.org/10.1088/1126-6708/2007/09/126},
	year = 2007,
	month = {sep},
	publisher = {Springer Science and Business Media {LLC}},
	volume = {2007},
	number = {09},
	pages = {126--126},
	author = {Stefano Frixione and Giovanni Ridolfi and Paolo Nason},
	title = {A positive-weight next-to-leading-order Monte Carlo for heavy flavour hadroproduction},
	journal = {JHEP},
	abstract = {We present a next-to-leading order calculation of heavy flavour production in hadronic collisions that can be interfaced to shower Monte Carlo programs. The calculation is performed in the context of the POWHEG method [1]. It is suitable for the computation of charm, bottom and top hadroproduction. In the case of top production, spin correlations in the decay products are taken into account.}
}

@article{Beraudo:2017bic,
    author = "Beraudo, Andrea",
    editor = "Corcella, Gennaro and De Curtis, Stefania and Moretti, Stefano and Pancheri, Giulia and Tenchini, Roberto and Vos, Marcel",
    title = "{Heavy flavour in high-energy nuclear collisions: theory overview of transport calculations}",
    eprint = "1801.10037",
    archivePrefix = "arXiv",
    primaryClass = "hep-ph",
    journal = "Frascati Phys. Ser.",
    pages = "41--48",
    year = "2017"
}

@article{PhysRevLett.118.122001,
  title = {Triple Parton Scatterings in High-Energy Proton-Proton Collisions},
  author = {d'Enterria, David and Snigirev, Alexander M.},
  journal = {Phys. Rev. Lett.},
  volume = {118},
  issue = {12},
  pages = {122001},
  numpages = {5},
  year = {2017},
  month = {Mar},
  publisher = {American Physical Society},
  doi = {10.1103/PhysRevLett.118.122001},
  url = {https://link.aps.org/doi/10.1103/PhysRevLett.118.122001}
}

@article{alicecollaboration2021mathrmlambdac,
      title="{$\mathrm{\Lambda_{c}^{+}}$ production in pp and in p-Pb collisions at $\sqrt{s_{\rm {NN}}} = 5.02$ TeV}", 
      collaboration = "ALICE",
      year="{2021}",
      eprint="{2011.06079}",
      archivePrefix="{arXiv}",
      primaryClass="{nucl-ex}"
}

@article{alicecollaboration2021measurement,
      title="{Measurement of the cross sections of $\Xi^0_{\rm c}$ and $\Xi^+_{\rm c}$ baryons and branching-fraction ratio BR($\Xi^0_{\rm c} \rightarrow \Xi^-{\rm e}^+\nu_{\rm e}$)/BR($\Xi^0_{\rm c} \rightarrow \Xi^-\pi^+$) in pp collisions at$ \sqrt {s} = 13\;{\text{TeV}
} $}", 
      collaboration = "ALICE",
      year="2021",
      eprint="2105.05187",
      archivePrefix="arXiv",
      primaryClass="nucl-ex"
}

@article{Abelev_2012,
   title="{Measurement of charm production at central rapidity in proton-proton collisions at $ \sqrt {s} = 2.76\;{\text{TeV}
} $}",
   volume={2012},
   ISSN={1029-8479},
   url={http://dx.doi.org/10.1007/JHEP07(2012)191},
   DOI={10.1007/jhep07(2012)191},
   number={7},
   journal={JHEP},
   publisher={Springer Science and Business Media LLC},
   author={Abelev, B. and Adam, J. and Adamov√°, D. and Adare, A. M. and Aggarwal, M. M. and Aglieri Rinella, G. and Agocs, A. G. and Agostinelli, A. and Aguilar Salazar, S. and et al.},
   year={2012},
   month={Jul}
 }
@article{Acharya_2017,
   title="{Measurement of D-meson production at mid-rapidity in pp collisions at ${\sqrt{s}=7 TeV}$}",
   volume={77},
   collaboration = "ALICE",
   ISSN={1434-6052},
   url={http://dx.doi.org/10.1140/epjc/s10052-017-5090-4},
   DOI={10.1140/epjc/s10052-017-5090-4},
   number={8},
   journal={Eur. Phys. J. C},
   publisher={Springer Science and Business Media LLC},
   author={Acharya, S. and Adamov√°, D. and Aggarwal, M. M. and Aglieri Rinella, G. and Agnello, M. and Agrawal, N. and Ahammed, Z. and Ahmad, N. and Ahn, S. U. and et al.},
   year={2017},
   month={Aug}
}

@article{Hsiao_2020,
   title="{Charmed $\Omega _{c}$ weak decays into $\Omega $ in the light-front quark model}",
   volume={80},
   ISSN={1434-6052},
   url={http://dx.doi.org/10.1140/epjc/s10052-020-08619-y},
   DOI={10.1140/epjc/s10052-020-08619-y},
   number={11},
   journal={Eur. Phys. J. C},
   publisher={Springer Science and Business Media LLC},
   author={Hsiao, Yu-Kuo and Yang, Ling and Lih, Chong-Chung and Tsai, Shang-Yuu},
   year="{2020}",
   month="{Nov}"
}
@article{alicecollaboration2021charmquark,
      title="{Charm-quark fragmentation fractions and production cross section at midrapidity in pp collisions at the LHC}", 
      collaboration = "ALICE",
      eprint="2105.06335",
      archivePrefix="arXiv",
      primaryClass="nucl-ex",
      year="2021"
}

@article{alicecollaboration2021measurementLcSc,
      title="{Measurement of prompt D$^{0}$, $\Lambda_{c}^{+}$, and $\Sigma_{c}^{0,++}$(2455) production in pp collisions at $\sqrt{s} = 13$ TeV}", 
      collaboration = "ALICE",
      year={2021},
      eprint={2106.08278},
      archivePrefix={arXiv},
      primaryClass={hep-ex}
}

@article{MINISSALE2021136622,
title = {Charm hadrons in pp collisions at LHC energy within a coalescence plus fragmentation approach},
journal = {Phys. Lett. B},
volume = {821},
pages = {136622},
year = {2021},
issn = {0370-2693},
doi = {https://doi.org/10.1016/j.physletb.2021.136622},
url = {https://www.sciencedirect.com/science/article/pii/S0370269321005621},
author = {Vincenzo Minissale and Salvatore Plumari and Vincenzo Greco},
keywords = {Relativistic heavy-ion collisions, Quark-gluon plasma, Heavy quark transport, Heavy flavor hadronization},
abstract = {The recent experimental measurements on pp collisions at s=5.02TeV have shown a very large production of heavy baryons corresponding to a Œõc/D0 ratio of about 0.5. This ratio is about one order of magnitude larger than what measured in e+e‚àí, ep collisions, and is larger of about a factor two respect to the forward rapidity ratio in pp collisions at LHC. We apply for the first time to pp collisions a quark coalescence plus fragmentation approach developed for AA collisions, assuming the formation of Hot QCD matter at finite temperature, which was able to correctly predict a Œõc/D‚àºO(1) in AA collisions at RHIC energy. We calculate the heavy baryon/meson ratio and the pT spectra of charmed hadrons with and without strangeness content: D0, Ds, Œõc+, Œûc and Œ©c in pp collisions at top LHC energies, finding a satisfactory result for the measured Œõc+/D0 and the Œûc/D0. At variance with other approaches a coalescence approach predicts also a significant production of Œ©c such that Œ©c/D0‚àºO(10‚àí1).}
}

@book{wong1994introduction,
      title="{Introduction to High-energy Heavy-ion Collisions}",
      author="Wong, C.Y.",
      isbn="9789810202637",
      lccn="93028743",
      series="Introduction to High-energy Heavy-ion Collisions",
      url="https://books.google.co.kr/books?id=Fnxvrdj2NOQC",
      year="1994",
      publisher="World Scientific"
}

 @misc{wikipedia_2021, 
 title={Quark‚Äìgluon plasma}, 
 url={https://en.wikipedia.org/wiki/Quark%E2%80%93gluon_plasma}, 
 journal={Wikipedia}, 
 publisher={Wikimedia Foundation}, 
 year={2021}, 
 month={Nov}} 

@thesis{Reidt:2151986,
      author        = "Reidt, Felix",
      title         = "{Studies for the ALICE Inner Tracking System Upgrade}",
      month         = "Feb",
      year          = "2016",
      url           = "https://cds.cern.ch/record/2151986",
      note          = "Presented 28 Apr 2016",
}